3586 5266
854 156 894 216 28

204 420 345 486 seiuncta
376 419 419 482 sit
454 419 496 484 ab
531 417 633 484 altera
664 419 707 484 ad
743 421 875 486 eundem
910 421 1001 499 data,
1036 422 1087 485 cui
1119 422 1187 484 iure
1216 421 1303 486 locus
1330 421 1438 485 estin
1464 419 1546 484 libro

204 536 273 615 1111,
303 557 406 601 nonne
433 544 560 620 praeter
582 535 706 602 Tironis
726 538 887 604 consilium
910 560 950 603 ex
971 539 1025 603 illo
1048 539 1129 603 libro
1156 541 1189 603 in
1211 539 1296 602 hunc
1318 540 1467 619 migrasse
1487 559 1547 623 pu-

204 656 304 722 tanda
325 656 397 720 esti
1283 653 1286 658 ⁵

309 773 428 838 Eodem
456 772 549 838 modo
574 771 657 836 libro
684 771 739 836 XI.
769 774 948 859 praemissis
974 781 1008 838 et
1035 774 1172 859 epistula
1201 795 1221 838 a
1242 773 1280 838 D.
1303 773 1403 838 Bruto
1425 773 1541 838 Roma¹

204 891 246 956 ad
274 889 317 954 M.
338 889 472 955 Brutum
502 897 535 954 et
562 888 702 954 Cassium
732 912 831 976 prope
854 891 982 956 Romam
1012 899 1162 973 vagantes
1192 900 1224 956 et
1252 891 1377 956 duabus
1404 891 1549 977 epistulis

205 1031 225 1074 a
247 1008 285 1072 D.
310 1007 411 1073 Bruto
432 1016 465 1073 at
487 1007 594 1072 Cassio
616 1028 633 1071 e
659 1006 832 1092 Campania
857 1009 899 1074 ad
921 1008 964 1073 M.
989 1010 1158 1075 Antonium
1181 1011 1266 1075 datis
1288 1009 1449 1094 Saronium
1472 1017 1548 1074 tuuc

204 1130 459 1212 (111111111111112
485 1133 662 1212 sequuntur

206 1244 261 1309 111.
311 1249 415 1308 4-26
437 1243 591 1328 epistulae
618 1266 639 1310 a
668 1242 817 1309 Cicerone
842 1243 885 1308 ad
914 1243 952 1307 D.
979 1244 1146 1310 Brutum
1181 1265 1219 1310 ac
1247 1267 1337 1310 versa
1363 1246 1429 1309 rice
1456 1245 1550 1308 datae

457 1381 508 1426 res
536 1362 570 1426 iu
599 1362 736 1427 Gallia
767 1362 975 1446 cisalpina
1002 1369 1034 1426 11
1061 1365 1095 1426 11
1123 1362 1261 1427 Gallia
1289 1363 1550 1427 Narbonensi

458 1487 563 1560 gestas
584 1487 775 1558 enarrantes,

295 1601 334 1659 ’17
356 1597 398 1660 ad
420 1595 570 1675 Matium
589 1603 628 1661 28
652 1620 672 1662 a
694 1597 801 1674 Matio,
825 1602 865 1660 29
887 1597 929 1662 ad
952 1597 1097 1682 Oppium,

207 1716 262 1800 qui
284 1721 391 1778 utrum
413 1721 490 1778 tune
512 1714 630 1780 Romae
650 1737 692 1780 an
713 1715 775 1779 alio
797 1715 865 1778 loco
886 1713 1004 1778 fuerint
1027 1715 1187 1795 cognitum
1209 1735 1272 1777 11111
1293 1713 1423 1778 1111111.3

315 1831 398 1895 Utut
419 1831 479 1896 hoc
500 1839 557 1909 est
584 1839 691 1898 1111111
712 1835 765 1896 vix
786 1835 855 1910 erit,
877 1833 932 1916 qui
952 1831 1095 1897 Tironem
1118 1832 1277 1916 vituperet
1298 1841 1355 1896 aut
1376 1833 1462 1918 quod
1483 1839 1549 1896 tres

206 1951 278 2016 illas
304 1949 457 2034 epistulas
483 1952 601 2015 mutuis
623 1949 780 2014 Ciceronis
802 1958 834 2014 et
853 1949 947 2014 Bruti
969 1949 1112 2034 epistulis
1140 1949 1353 2033 praemiserit,
1382 1956 1439 2014 aut
1467 1949 1553 2034 quod

208 2069 268 2133 has
290 2069 323 2130 in
344 2068 406 2132 fine
426 2067 614 2145 adiunxerit
637 2079 733 2152 quum
757 2089 820 2132 non
841 2069 883 2132 sit
904 2067 959 2130 ubi
982 2067 1094 2132 melius
1116 2066 1316 2130 collocentur.

208 2185 279 2250 XII.
317 2191 418 2250 1-10
440 2185 589 2266 leguntur
611 2184 769 2250 Ciceronis
790 2184 944 2270 epistulae
966 2185 1008 2249 ad
1031 2184 1206 2250 Cassium
1227 2185 1328 2272 datae,
1359 2184 1495 2268 primum
1519 2183 1552 2244 in

459 2301 553 2366 Italia
582 2308 665 2387 (epp.
691 2302 786 2389 1-3)
815 2310 882 2368 tum
910 2305 943 2368 in
966 2303 1141 2368 Graecia
1168 2309 1265 2387 atque
1286 2303 1320 2364 in
1342 2300 1462 2384 Syria
1484 2320 1553 2363 ver-

463 2425 602 2496 santem3
624 2426 801 2504 sequuntur

297 2543 328 2600 11
355 2542 388 2600 11
416 2534 617 2601 1210111111
646 2557 687 2600 ca
718 2540 827 2601 rostris
864 2537 1020 2602 Taricheis
1048 2544 1080 2601 et
1108 2537 1179 2600 aliis
1207 2557 1249 2601 erc
1277 2537 1386 2600 castris
1416 2533 1554 2617 Syriae

461 2654 640 2738 provinciae
660 2653 763 2732 datae,

296 2775 346 2836 13.
367 2769 422 2834 L.⁴
448 2769 566 2836 Cassi
587 2771 725 2856 epistula
744 2770 877 2856 Cypro
898 2792 919 2835 a
940 2771 1290 2854 Crommyuacride
1310 2769 1394 2847 data

297 2894 337 2953 14
359 2895 392 2952 et
416 2894 454 2952 lc
474 2887 508 2952 P.
526 2887 691 2952 Lentuli
717 2890 818 2971 Pcrpc
841 2909 858 2952 e
877 2887 1122 2973 Pamphylia
1143 2889 1245 2965 (11111

297 3011 337 3072 16
360 3004 534 3070 Treboni
553 3005 727 3070 Athenis
748 3006 832 3083 data

299 3128 422 3188 17-30
452 3121 494 3186 ad
512 3121 781 3188 Cornificium
810 3123 883 3186 inde
905 3122 947 3186 ab
969 3141 1052 3185 anno
1076 3127 1135 3184 tm
1158 3121 1333 3186 Africam
1363 3121 1553 3206 provinciam

464 3238 688 3305 obtinentem.⁵

212 3357 310 3422 Recte
336 3357 434 3438 igitur
462 3358 555 3422 etiam
585 3357 679 3422 huius
707 3357 781 3420 libri
807 3356 960 3441 epistulas
987 3357 1034 3419 ita
1055 3376 1089 3418 se
1109 3356 1278 3439 excipiunt,
1307 3362 1344 3419 ut
1365 3356 1467 3440 primo
1488 3354 1557 3419 loco

203 3447 373 3540 ¹nominum
401 3494 508 3539 eorum
535 3475 617 3538 ratio
642 3475 754 3539 habita
781 3475 836 3552 sit,
871 3472 986 3558 quibus
1008 3473 1192 3557 inscriptae,
1228 3473 1365 3536 secundo
1386 3475 1558 3554 regionum,

216 3593 300 3658 unde
322 3593 371 3658 vel
392 3612 456 3678 quo
477 3592 592 3656 missae
613 3600 696 3657 sunt.

320 3711 419 3788 Quam
454 3711 606 3774 rationem
641 3710 675 3772 in
710 3710 755 3773 eis
787 3715 911 3773 tantum
950 3706 1095 3791 epistulis
1129 3706 1330 3790 disponendis
1367 3707 1556 3791 sequendam

214 3829 323 3907 fuisse,
349 3849 486 3915 quarum
511 3829 589 3892 satis
618 3848 732 3909 magna
760 3827 851 3912 eopia
871 3825 1042 3890 eorundem
1062 3844 1217 3888 annorum
1238 3831 1334 3918 esset,
1363 3846 1465 3910 neque
1485 3846 1558 3890 vero

215 3954 324 4033 aptarn
351 3946 395 4011 1(1
419 3967 473 4011 aas
499 3945 664 4030 epistulas,
697 3965 779 4029 quae
804 3964 924 4028 paucae
952 3963 1009 4027 per
1038 3940 1214 4025 complures
1233 3962 1332 4006 anuos
1354 3963 1371 4006 e
1393 3944 1487 4008 variis
1508 3965 1558 4008 re-

224 4105 429 4114 —u---·-·-·-...—-.

272 4183 294 4250 ¹)
319 4181 353 4234 11.
374 4181 506 4236 Schmidt.
522 4181 540 4233 l.
557 4196 580 4233 o.
597 4195 659 4250 pag.
681 4180 791 4234 13-16,

270 4287 295 4352 ¹)
318 4284 385 4338 ibid.
402 4299 464 4353 pag.
484 4287 517 4340 16
535 4299 573 4352 sq.

271 4389 295 4453 ⁸)
319 4387 352 4440 cf.
377 4388 412 4440 ad
439 4389 499 4442 Att.
525 4385 583 4440 XV.
607 4387 632 4442 2.
650 4387 679 4440 3:
712 4383 816 4438 Matius
843 4399 875 4436 ac
899 4380 1057 4436 Portumius
1082 4385 1271 4449 procuratores
1299 4382 1424 4436 ludorum
1450 4382 1558 4436 Octavii

216 4471 285 4526 mihi
303 4487 357 4525 non
374 4473 492 4540 placent.
519 4470 587 4541 (XV.
605 4470 667 4524 Kal.
684 4470 744 4523 Iun.
764 4468 832 4531 ⁷10.)

272 4577 296 4644 ⁴)
320 4574 354 4628 cf.
371 4573 484 4630 Krousa
503 4574 558 4629 Cic.
576 4589 635 4643 epp.
652 4573 757 4627 emend.
775 4586 836 4640 pag.
854 4571 889 4625 36
908 4585 963 4638 sqq.

273 4678 297 4744 ⁸)
320 4677 378 4730 Hoc
394 4676 500 4730 dictum
518 4681 587 4744 puta
604 4677 639 4732 de
655 4673 783 4746 epistulis
802 4673 878 4728 1-8.
902 4674 941 4726 10.
961 4674 1002 4727 14.
1020 4673 1062 4728 20.
1080 4673 1122 4728 21.
1139 4673 1183 4728 22.
