3586 5266
886 173 923 230 21

805 257 1009 265 ——.-—

235 427 323 494 Cassi
350 436 395 494 ll.
420 437 484 494 12¹
528 431 727 519 Quamquam
747 437 845 518 igitur
866 437 950 500 inter
975 435 1068 500 Bruti
1089 433 1241 517 epistulas
1263 431 1432 498 nonnullae
1455 442 1581 516 praeter

234 551 499 652 exspectationem
518 552 688 617 collocatae
709 575 777 618 esse
798 554 954 631 videntur,
975 561 1082 617 tamen
1098 553 1272 618 tenendum
1286 559 1336 616 est
1352 573 1406 616 eas
1420 553 1580 634 epistulas,

235 687 371 750 quarum
399 674 525 750 tempus
552 671 706 734 traditum
733 679 797 749 est,
825 673 853 735 ei
877 672 993 736 rationi
1014 667 1207 749 satisfacere,
1236 691 1332 756 quam
1353 672 1581 753 proposuimus

235 783 429 868 reliquarum
450 794 559 850 autem
579 795 706 872 tempus
727 811 748 855 0
768 789 877 853 Nakeo
900 791 1080 855 coniectura
1101 811 1176 853 sane
1197 790 1357 870 ingeniosa
1373 790 1581 852 constitutum

235 923 309 980 csse,
337 923 419 987 quae
443 911 551 968 tamen
579 927 642 972 non
669 929 832 992 nunquam
854 909 948 971 11111110
969 907 1091 971 levibus
1109 908 1304 988 argumentis
1327 908 1450 970 nititur.
1496 905 1580 982 Quin

235 1021 378 1103 epistulis
406 1021 459 1087 XI.
496 1030 542 1087 13.
575 1031 622 1087 16.
658 1031 704 1089 17.
735 1031 774 1088 ’22
825 1027 941 1111 quibus
969 1026 1111 1090 ordinem
1132 1025 1298 1090 violentius
1325 1024 1492 1089 turbatum
1513 1045 1581 1088 esse

235 1147 347 1217 censet,
370 1140 434 1204 sive
456 1142 490 1204 in
511 1148 653 1225 tempore
674 1144 851 1208 definiendo
873 1165 1001 1222 errasse,
1025 1145 1088 1208 sive
1111 1143 1230 1207 ordinis
1250 1145 1405 1207 rationem
1422 1165 1485 1207 non
1507 1165 1580 1225 per·-

235 1259 374 1339 spexisse
394 1259 457 1322 alio
478 1260 546 1324 loco
567 1262 724 1344 explicare
745 1263 937 1327 conabimur.
975 1261 1067 1338 Quod
1088 1283 1161 1326 vero
1178 1261 1220 1325 ad
1241 1263 1401 1342 integrum
1414 1281 1581 1325 numerum

235 1376 350 1440 harum
378 1377 585 1459 epistularum
614 1382 743 1458 attinet,
778 1379 906 1444 Naheus
927 1381 995 1463 ipse
1016 1381 1159 1444 concedit
1181 1386 1308 1462 praeter
1329 1385 1466 1462 quatuor
1488 1380 1581 1462 quin·

235 1515 334 1578 queve
363 1495 483 1560 nullam
508 1498 659 1579 scriptam
687 1519 755 1562 esse
777 1498 891 1576 videri,
921 1519 1003 1583 quae
1031 1519 1094 1562 non
1115 1499 1157 1562 ad
1186 1504 1327 1561 nostram
1349 1503 1486 1561 aetatem
1508 1518 1581 1579 pcr-

235 1614 356 1676 venerit
384 1613 436 1700 (cf.
459 1635 530 1696 pag.
555 1614 645 1699 698),
673 1624 769 1702 atque
796 1617 846 1680 vel
866 1616 1029 1681 meliorem
1053 1616 1264 1680 conditionem
1285 1635 1352 1680 csse
1373 1615 1581 1696 epistularum

238 1729 305 1794 llll.
340 1737 451 1795 1-12
488 1734 552 1797 iam
585 1754 682 1816 supra
710 1736 1030 1798 commemoravimus.
1069 1732 1182 1818 Itaque
1209 1754 1271 1796 non
1299 1731 1411 1797 dubito
1438 1739 1580 1797 statuere

236 1849 388 1930 epistulas
410 1850 563 1916 librorum
585 1853 622 1929 X,
646 1853 696 1930 XI,
717 1850 786 1916 XII.
809 1851 865 1939 (ad
886 1851 929 1914 M.
951 1852 1088 1915 Brutum
1107 1851 1131 1929 l,
1150 1849 1195 1936 11)
1223 1851 1333 1914 eodem
1362 1849 1426 1913 fere
1448 1872 1579 1914 numero

147 2051 150 2058 .
235 1974 332 2052 atque
360 1967 470 2032 eodem
497 1968 606 2032 ordine
631 1991 652 2033 a
673 1969 787 2034 Tirone
807 1971 840 2033 in
861 1969 1020 2034 volumina
1043 1977 1186 2052 receptas
1206 1989 1282 2045 esse,
1312 1989 1375 2052 quo
1399 1966 1506 2034 Cicero
1528 1989 1581 2032 eas

235 2093 268 2149 ct
290 2085 378 2150 dedit
401 2093 434 2150 01
456 2087 585 2168 accepit.

340 2201 373 2267 Si
401 2225 488 2282 vero,
518 2226 724 2290 quaecuuque
752 2204 858 2268 adhuc
889 2205 1123 2269 observavimus
1151 2210 1256 2267 11101110
1278 2203 1580 2286 comprehendimus,

235 2320 317 2385 110110
338 2320 402 2385 iere
423 2323 559 2404 primam
579 2323 790 2387 conditionem
812 2322 1021 2404 epistularum
1041 2321 1137 2386 fuisse
1158 2322 1307 2385 dicemus.
1343 2321 1435 2386 Anno
1457 2342 1500 2386 cr.
1519 2325 1578 2384 709

236 2437 415 2504 Ciceronem
444 2447 477 2503 et
504 2438 651 2503 Tironem
677 2440 841 2504 consilium
868 2441 986 2522 cepisse
1014 2439 1222 2522 epistularum
1250 2439 1444 2503 edendarum
1473 2445 1506 2502 01
1540 2438 1581 2501 de

235 2556 295 2621 hoc
323 2578 416 2639 opere
445 2557 638 2622 instituendo
664 2559 748 2622 inter
774 2579 808 2622 se
835 2559 1092 2634 communicasse,
1126 2559 1305 2622 convenisse
1332 2559 1416 2621 inter
1445 2576 1511 2632 eos,
1542 2561 1580 2618 ut

236 2674 450 2755 reciperentur
479 2695 541 2738 non
567 2675 668 2739 solum
694 2697 749 2740 eae
771 2677 938 2758 epistulae,
975 2695 1054 2759 quas
1076 2674 1198 2738 Tullius
1220 2674 1371 2751 dedisset,
1407 2672 1581 2737 sedetiam

236 2811 315 2875 quas
335 2793 447 2856 missas
469 2794 654 2874 accepisset,
683 2800 753 2856 tum
775 2792 923 2857 Tironem
951 2792 1092 2877 undique
1113 2792 1265 2874 epistulas
1287 2791 1492 2872 congessisse,
1524 2789 1581 2853 sed

237 2929 273 2971 eo
300 2910 462 2990 pauciores
488 2912 628 2993 potuisse
656 2912 808 2993 reperire,
841 2932 904 2996 quo
940 2911 1142 2995 longinquius
1170 2930 1280 2973 earum
1306 2915 1432 2990 tempus
1459 2906 1580 2984 aberat,

237 3046 335 3109 quum
367 3028 487 3092 multae
531 3029 673 3110 priorum
707 3049 863 3093 annorum
906 3029 970 3092 iam
1015 3029 1103 3109 prius
1143 3028 1276 3090 amissae
1312 3031 1431 3102 essent,
1483 3044 1580 3108 quam

237 3163 290 3206 eas
319 3164 471 3227 quaerere
498 3147 665 3228 coepisset,
701 3154 733 3210 01
761 3169 800 3210 110
830 3148 864 3210 in
892 3145 1050 3209 Ciceronis
1080 3144 1209 3230 quidem
1236 3145 1358 3208 scriniis
1385 3145 1432 3206 ita
1459 3141 1579 3205 multae

183 3323 185 3330 ,
237 3262 390 3341 epistulae
420 3262 462 3326 ab
491 3263 561 3328 aliis
589 3265 683 3328 datae
709 3271 836 3347 praesto
866 3270 979 3327 esseut.
1030 3261 1149 3328 Tamen
1174 3283 1247 3326 eum
1275 3260 1378 3325 medio
1407 3281 1489 3324 anno
1518 3264 1578 3321 710

237 3379 314 3441 00110
348 3399 495 3460 magnam
530 3381 653 3462 copiam
686 3389 867 3462 congestam
900 3380 1049 3444 habuisse
1082 3387 1179 3464 atque
1212 3401 1248 3443 00
1275 3379 1404 3442 consilio
1431 3379 1462 3440 in
1491 3376 1579 3440 volu·

237 3496 322 3560 mina
349 3496 561 3576 distribuisse,
588 3506 626 3561 ut
648 3497 796 3562 Cicerone
818 3505 943 3562 mortuo
965 3497 1212 3579 divulgarentur.
1254 3496 1451 3562 Continuisse
1472 3501 1579 3558 autem

237 3611 297 3676 1100
330 3615 467 3696 primum
501 3636 614 3698 corpus
647 3636 746 3700 quum
779 3616 897 3680 multas
933 3616 1085 3698 epistulas
1122 3614 1322 3696 singularias,
1360 3619 1429 3676 tum
1460 3612 1579 3693 epistu-

237 3729 339 3794 larum
366 3731 408 3796 ad
436 3731 509 3796 fam.
540 3732 637 3798 libros
663 3732 734 3796 I--
750 3732 810 3810 IX,
847 3732 969 3798 XIV-
983 3733 1072 3810 XVI,
1103 3741 1200 3816 atque
1229 3733 1325 3795 ctiam
1354 3729 1472 3794 librum
1494 3729 1578 3794 lllll.

237 3848 315 3912 nihil
348 3850 408 3914 nisi
440 3850 592 3931 epistulas
628 3851 899 3916 commendatitias
934 3851 1208 3934 complectentem,
1244 3869 1323 3932 quas
1362 3854 1436 3912 ante
1464 3869 1482 3911 0
1512 3853 1581 3912 1010

238 3966 444 4050 epistularum
479 3969 569 4052 copia
595 3969 748 4050 elegisset.
800 3968 880 4033 Tum
909 3969 1050 4032 Atticum
1079 3989 1099 4031 a.
1126 3967 1229 4030 nescio
1260 3986 1322 4050 quo
1355 3965 1393 4029 de
1423 3963 1580 4030 Ciceronis

237 4165 282 4218 die
300 4166 357 4220 also
377 4183 466 4234 genau
483 4167 528 4221 die
549 4169 596 4223 des
616 4169 708 4222 Codex
726 4167 771 4222 ist.
791 4211 796 4220 .
816 4211 821 4222 .
841 4211 846 4221 .
865 4169 931 4222 Man
949 4169 1053 4222 konnte
1072 4167 1130 4220 sich
1147 4167 1274 4220 versucht
1291 4165 1394 4230 111111οι1,
1421 4181 1470 4217 0110
1491 4163 1580 4218 dieser

238 4250 392 4306 Thatsachc
414 4253 539 4308 Schltsse
566 4253 616 4307 auf
637 4254 682 4308 die
700 4256 753 4308 Art
778 4255 827 4307 der
844 4256 1020 4322 Herausgabe
1043 4254 1133 4307 dieser
1150 4251 1241 4305 Briefc
1259 4268 1293 4304 zu
1310 4251 1405 4303 ziehcn
1424 4249 1479 4300 und
1498 4264 1581 4301 anzu-

237 4337 366 4404 nehmen,
390 4337 429 4392 sie
455 4339 554 4392 11111011
578 4339 623 4392 bei
640 4339 734 4392 Cicero
762 4355 851 4407 ganan
873 4340 903 4392 in
927 4341 975 4393 der
994 4337 1171 4404 Reihcnfolge
1196 4337 1320 4404 gelegen,
1343 4334 1393 4388 vic
1416 4349 1447 4387 er
1463 4333 1510 4386 sie
1536 4350 1580 4400 ge-

237 4421 378 4477 schrieben
395 4425 451 4476 und
468 4425 594 4478 erhnlten
612 4424 692 4478 hatte
712 4429 764 4478 etc.
782 4429 834 4480 010.

295 4527 315 4594 ¹)
339 4527 380 4580 Dc
404 4527 499 4580 ordine
518 4527 699 4595 epistularum
723 4529 759 4580 ad
777 4529 813 4580 M.
832 4529 949 4579 Brutum
972 4541 1006 4578 ex
1030 4524 1131 4578 codicis
1154 4521 1296 4590 archetypi
1322 4520 1387 4573 folio
1412 4520 1441 4571 111
1459 4519 1580 4572 0110111111

237 4609 325 4663 locum
341 4611 433 4664 dolato
450 4612 529 4665 valde
549 4614 662 4666 turbato
683 4611 806 4665 conferas
826 4611 853 4664 C.
873 4611 918 4662 Fr.
939 4611 1079 4663 Hermann
1097 4608 1233 4662 Abhandl.
1250 4606 1299 4658 dor
1317 4604 1463 4670 Gottiuger
1480 4604 1580 4656 (100011-

239 4695 329 4749 schalt
347 4697 396 4749 der
415 4697 652 4752 wissenschaften
671 4699 737 4752 1847
756 4713 818 4766 pag.
840 4698 976 4752 rev-169
994 4698 1024 4748 01
1042 4693 1166 4747 Schmidt
1184 4693 1200 4744 l.
1219 4707 1241 4744 c.
