<?xml version="1.0" encoding="UTF-8"?>
<!DOCTYPE html PUBLIC "-//W3C//DTD XHTML 1.0 Transitional//EN"
    "http://www.w3.org/TR/xhtml1/DTD/xhtml1-transitional.dtd">
<html xmlns="http://www.w3.org/1999/xhtml" xml:lang="en" lang="en">
 <head>
  <title>
</title>
<meta http-equiv="Content-Type" content="text/html;charset=utf-8" />
  <meta name='ocr-system' content='tesseract 3.04.00' />
  <meta name='ocr-capabilities' content='ocr_page ocr_carea ocr_par ocr_line ocrx_word'/>
</head>
<body>
  <div class='ocr_page' id='page_1' title='image "./demtulliciceron01gurlgoog_0021.png"; bbox 0 0 3586 5266; ppageno 0'>
   <div class='ocr_carea' id='block_1_1' title="bbox 774 146 896 236">
    <p class='ocr_par' dir='ltr' id='par_1_1' title="bbox 774 146 896 236">
     <span class='ocr_line' id='line_1_1' title="bbox 774 146 896 236; baseline -0.025 0"><span class='ocrx_word' id='word_1_1' title='bbox 774 229 809 236; x_wconf 86' lang='lat'>....</span> <span class='ocrx_word' id='word_1_2' title='bbox 856 146 896 205; x_wconf 76' lang='lat'>14</span> 
     </span>
    </p>
   </div>
   <div class='ocr_carea' id='block_1_2' title="bbox 207 399 1630 3690">
    <p class='ocr_par' dir='ltr' id='par_1_2' title="bbox 207 399 1543 608">
     <span class='ocr_line' id='line_1_2' title="bbox 309 399 1543 488; baseline 0 -18"><span class='ocrx_word' id='word_1_3' title='bbox 309 405 438 470; x_wconf 87' lang='lat' dir='ltr'>Rectius</span> <span class='ocrx_word' id='word_1_4' title='bbox 464 406 504 472; x_wconf 92' lang='lat' dir='ltr'>de</span> <span class='ocrx_word' id='word_1_5' title='bbox 524 406 585 472; x_wconf 82' lang='lat' dir='ltr'>hac</span> <span class='ocrx_word' id='word_1_6' title='bbox 605 429 640 471; x_wconf 88' lang='lat' dir='ltr'>re</span> <span class='ocrx_word' id='word_1_7' title='bbox 661 407 876 486; x_wconf 88' lang='lat' dir='ltr'>iudicabimus,</span> <span class='ocrx_word' id='word_1_8' title='bbox 905 409 933 472; x_wconf 92' lang='lat' dir='ltr'>si</span> <span class='ocrx_word' id='word_1_9' title='bbox 954 407 1188 488; x_wconf 79' lang='lat' dir='ltr'>cognoverimus</span> <span class='ocrx_word' id='word_1_10' title='bbox 1208 405 1286 487; x_wconf 89' lang='lat' dir='ltr'>quid</span> <span class='ocrx_word' id='word_1_11' title='bbox 1306 399 1470 488; x_wconf 86' lang='lat' dir='ltr'>praeterea</span> <span class='ocrx_word' id='word_1_12' title='bbox 1494 405 1543 481; x_wconf 89' lang='lat' dir='ltr'>sit,</span> 
     </span>
     <span class='ocr_line' id='line_1_3' title="bbox 207 524 967 608; baseline 0 -20"><span class='ocrx_word' id='word_1_13' title='bbox 207 545 270 605; x_wconf 93' lang='lat' dir='ltr'>quo</span> <span class='ocrx_word' id='word_1_14' title='bbox 291 524 364 588; x_wconf 84' lang='lat' dir='ltr'>libri</span> <span class='ocrx_word' id='word_1_15' title='bbox 383 524 420 602; x_wconf 93' lang='lat' dir='ltr'>X,</span> <span class='ocrx_word' id='word_1_16' title='bbox 444 524 497 603; x_wconf 75' lang='lat' dir='ltr'>XI,</span> <span class='ocrx_word' id='word_1_17' title='bbox 518 524 589 590; x_wconf 86' lang='lat' dir='ltr'><strong>XII.</strong></span> <span class='ocrx_word' id='word_1_18' title='bbox 610 547 632 590; x_wconf 82' lang='lat' dir='ltr'>a</span> <span class='ocrx_word' id='word_1_19' title='bbox 651 526 780 608; x_wconf 83' lang='lat' dir='ltr'>reliquis</span> <span class='ocrx_word' id='word_1_20' title='bbox 802 525 967 591; x_wconf 85' lang='lat' dir='ltr'>differant:</span> 
     </span>
    </p>

    <p class='ocr_par' dir='ltr' id='par_1_3' title="bbox 208 642 1548 1908">
     <span class='ocr_line' id='line_1_4' title="bbox 308 642 1545 728; baseline 0 -22"><span class='ocrx_word' id='word_1_21' title='bbox 308 642 347 706; x_wconf 91' lang='lat' dir='ltr'>Hi</span> <span class='ocrx_word' id='word_1_22' title='bbox 382 642 446 708; x_wconf 86' lang='lat' dir='ltr'>fere</span> <span class='ocrx_word' id='word_1_23' title='bbox 477 644 544 708; x_wconf 92' lang='lat' dir='ltr'>sine</span> <span class='ocrx_word' id='word_1_24' title='bbox 588 646 770 728; x_wconf 84' lang='lat' dir='ltr'>exceptione</span> <span class='ocrx_word' id='word_1_25' title='bbox 794 647 955 709; x_wconf 70' lang='lat' dir='ltr'>continent</span> <span class='ocrx_word' id='word_1_26' title='bbox 988 663 1050 709; x_wconf 89' lang='lat' dir='ltr'>non</span> <span class='ocrx_word' id='word_1_27' title='bbox 1070 643 1171 708; x_wconf 84' lang='lat' dir='ltr'>solum</span> <span class='ocrx_word' id='word_1_28' title='bbox 1194 665 1247 708; x_wconf 88' lang='lat' dir='ltr'>eas</span> <span class='ocrx_word' id='word_1_29' title='bbox 1269 644 1437 725; x_wconf 73' lang='lat' dir='ltr'>epistulae,</span> <span class='ocrx_word' id='word_1_30' title='bbox 1466 663 1545 723; x_wconf 89' lang='lat' dir='ltr'>quas</span> 
     </span>
     <span class='ocr_line' id='line_1_5' title="bbox 209 761 1545 847; baseline 0.001 -22"><span class='ocrx_word' id='word_1_31' title='bbox 209 761 315 826; x_wconf 85' lang='lat' dir='ltr'>Cicero</span> <span class='ocrx_word' id='word_1_32' title='bbox 343 761 446 841; x_wconf 86' lang='lat' dir='ltr'>dedit,</span> <span class='ocrx_word' id='word_1_33' title='bbox 476 762 649 828; x_wconf 84' lang='lat' dir='ltr'>sedetiam</span> <span class='ocrx_word' id='word_1_34' title='bbox 670 785 737 842; x_wconf 84' lang='lat' dir='ltr'>ess,</span> <span class='ocrx_word' id='word_1_35' title='bbox 765 779 844 847; x_wconf 87' lang='lat' dir='ltr'>quas</span> <span class='ocrx_word' id='word_1_36' title='bbox 864 765 977 829; x_wconf 85' lang='lat' dir='ltr'>missas</span> <span class='ocrx_word' id='word_1_37' title='bbox 1001 763 1136 845; x_wconf 80' lang='lat' dir='ltr'>accepit3</span> <span class='ocrx_word' id='word_1_38' title='bbox 1170 764 1203 826; x_wconf 93' lang='lat' dir='ltr'>in</span> <span class='ocrx_word' id='word_1_39' title='bbox 1229 761 1359 843; x_wconf 87' lang='lat' dir='ltr'>reliquis</span> <span class='ocrx_word' id='word_1_40' title='bbox 1390 761 1454 826; x_wconf 81' lang='lat' dir='ltr'>fere</span> <span class='ocrx_word' id='word_1_41' title='bbox 1483 782 1545 826; x_wconf 90' lang='lat' dir='ltr'>non</span> 
     </span>
     <span class='ocr_line' id='line_1_6' title="bbox 208 879 1547 973; baseline -0.001 -29"><span class='ocrx_word' id='word_1_42' title='bbox 208 887 281 944; x_wconf 86' lang='lat' dir='ltr'>sunt</span> <span class='ocrx_word' id='word_1_43' title='bbox 308 879 474 962; x_wconf 86' lang='lat' dir='ltr'>epistulae,</span> <span class='ocrx_word' id='word_1_44' title='bbox 509 882 570 973; x_wconf 89' lang='lat' dir='ltr'>nisi</span> <span class='ocrx_word' id='word_1_45' title='bbox 598 881 779 948; x_wconf 79' lang='grc' dir='ltr'>(1111101111,Ι</span> <span class='ocrx_word' id='word_1_46' title='bbox 806 882 917 966; x_wconf 83' lang='grc'><strong>111111</strong></span> <span class='ocrx_word' id='word_1_47' title='bbox 946 889 994 947; x_wconf 92' lang='lat' dir='ltr'>est</span> <span class='ocrx_word' id='word_1_48' title='bbox 1028 881 1108 946; x_wconf 88' lang='lat' dir='ltr'>liber</span> <span class='ocrx_word' id='word_1_49' title='bbox 1130 881 1212 959; x_wconf 90' lang='lat' dir='ltr'>VIII,</span> <span class='ocrx_word' id='word_1_50' title='bbox 1250 881 1282 944; x_wconf 93' lang='lat' dir='ltr'>in</span> <span class='ocrx_word' id='word_1_51' title='bbox 1311 901 1373 961; x_wconf 92' lang='lat' dir='ltr'>quo</span> <span class='ocrx_word' id='word_1_52' title='bbox 1399 880 1547 961; x_wconf 88' lang='lat' dir='ltr'>leguntur</span> 
     </span>
     <span class='ocr_line' id='line_1_7' title="bbox 208 997 1543 1080; baseline -0.001 -18"><span class='ocrx_word' id='word_1_53' title='bbox 208 998 361 1080; x_wconf 75' lang='lat' dir='ltr'>epistulae</span> <span class='ocrx_word' id='word_1_54' title='bbox 381 1021 402 1064; x_wconf 90' lang='lat' dir='ltr'>a</span> <span class='ocrx_word' id='word_1_55' title='bbox 423 997 528 1064; x_wconf 81' lang='lat' dir='ltr'>(laelio</span> <span class='ocrx_word' id='word_1_56' title='bbox 549 1001 650 1079; x_wconf 82' lang='lat' dir='ltr'>datae,</span> <span class='ocrx_word' id='word_1_57' title='bbox 672 1021 780 1066; x_wconf 86' lang='lat' dir='ltr'>verum</span> <span class='ocrx_word' id='word_1_58' title='bbox 801 1003 898 1066; x_wconf 89' lang='lat' dir='ltr'>etiam</span> <span class='ocrx_word' id='word_1_59' title='bbox 918 1002 971 1065; x_wconf 90' lang='lat' dir='ltr'>hic</span> <span class='ocrx_word' id='word_1_60' title='bbox 991 1000 1095 1065; x_wconf 87' lang='lat' dir='ltr'>tribus</span> <span class='ocrx_word' id='word_1_61' title='bbox 1114 1000 1203 1064; x_wconf 89' lang='lat' dir='ltr'>libris</span> <span class='ocrx_word' id='word_1_62' title='bbox 1222 999 1285 1063; x_wconf 88' lang='lat' dir='ltr'>illis</span> <span class='ocrx_word' id='word_1_63' title='bbox 1305 999 1421 1080; x_wconf 89' lang='lat' dir='ltr'>dispar,</span> <span class='ocrx_word' id='word_1_64' title='bbox 1445 1017 1543 1079; x_wconf 92' lang='lat' dir='ltr'>quum</span> 
     </span>
     <span class='ocr_line' id='line_1_8' title="bbox 209 1117 1545 1201; baseline 0.001 -22"><span class='ocrx_word' id='word_1_65' title='bbox 209 1137 271 1181; x_wconf 90' lang='lat' dir='ltr'>non</span> <span class='ocrx_word' id='word_1_66' title='bbox 292 1118 374 1181; x_wconf 90' lang='lat' dir='ltr'>siout</span> <span class='ocrx_word' id='word_1_67' title='bbox 392 1118 426 1180; x_wconf 91' lang='lat' dir='ltr'>in</span> <span class='ocrx_word' id='word_1_68' title='bbox 445 1117 507 1182; x_wconf 91' lang='lat' dir='ltr'>illis</span> <span class='ocrx_word' id='word_1_69' title='bbox 529 1119 691 1201; x_wconf 81' lang='lat' dir='ltr'>epistulae,</span> <span class='ocrx_word' id='word_1_70' title='bbox 713 1141 792 1201; x_wconf 84' lang='lat' dir='ltr'>quas</span> <span class='ocrx_word' id='word_1_71' title='bbox 814 1120 921 1184; x_wconf 87' lang='lat' dir='ltr'>Cicero</span> <span class='ocrx_word' id='word_1_72' title='bbox 945 1119 1034 1183; x_wconf 86' lang='lat' dir='ltr'>dedit</span> <span class='ocrx_word' id='word_1_73' title='bbox 1050 1120 1181 1183; x_wconf 87' lang='lat' dir='ltr'>cumeis</span> <span class='ocrx_word' id='word_1_74' title='bbox 1197 1139 1276 1200; x_wconf 85' lang='lat' dir='ltr'>quas</span> <span class='ocrx_word' id='word_1_75' title='bbox 1293 1119 1421 1201; x_wconf 82' lang='lat' dir='ltr'>aceepit,</span> <span class='ocrx_word' id='word_1_76' title='bbox 1441 1118 1545 1182; x_wconf 91' lang='lat' dir='ltr'>locum</span> 
     </span>
     <span class='ocr_line' id='line_1_9' title="bbox 208 1233 1548 1320; baseline 0 -22"><span class='ocrx_word' id='word_1_77' title='bbox 208 1233 365 1299; x_wconf 78' lang='lat' dir='ltr'>alternent</span> <span class='ocrx_word' id='word_1_78' title='bbox 387 1243 420 1300; x_wconf 91' lang='lat' dir='ltr'>et</span> <span class='ocrx_word' id='word_1_79' title='bbox 441 1239 530 1317; x_wconf 87' lang='lat' dir='ltr'>quasi</span> <span class='ocrx_word' id='word_1_80' title='bbox 552 1240 726 1320; x_wconf 72' lang='lat' dir='ltr'>permixtae</span> <span class='ocrx_word' id='word_1_81' title='bbox 746 1240 819 1302; x_wconf 85' lang='grc'><strong>11111.</strong></span> <span class='ocrx_word' id='word_1_82' title='bbox 861 1239 1017 1320; x_wconf 90' lang='lat' dir='ltr'>Denique,</span> <span class='ocrx_word' id='word_1_83' title='bbox 1047 1258 1145 1320; x_wconf 90' lang='lat' dir='ltr'>quum</span> <span class='ocrx_word' id='word_1_84' title='bbox 1166 1237 1254 1300; x_wconf 88' lang='lat' dir='ltr'>nulla</span> <span class='ocrx_word' id='word_1_85' title='bbox 1274 1237 1316 1302; x_wconf 89' lang='lat' dir='ltr'>sit</span> <span class='ocrx_word' id='word_1_86' title='bbox 1342 1238 1376 1300; x_wconf 90' lang='lat' dir='ltr'>in</span> <span class='ocrx_word' id='word_1_87' title='bbox 1397 1235 1457 1301; x_wconf 88' lang='lat' dir='ltr'>hoc</span> <span class='ocrx_word' id='word_1_88' title='bbox 1479 1257 1548 1300; x_wconf 89' lang='lat' dir='ltr'>cor-</span> 
     </span>
     <span class='ocr_line' id='line_1_10' title="bbox 209 1354 1547 1437; baseline 0 -20"><span class='ocrx_word' id='word_1_89' title='bbox 209 1374 284 1434; x_wconf 89' lang='lat' dir='ltr'>pore</span> <span class='ocrx_word' id='word_1_90' title='bbox 313 1354 462 1435; x_wconf 88' lang='lat' dir='ltr'>epistula,</span> <span class='ocrx_word' id='word_1_91' title='bbox 491 1377 572 1436; x_wconf 86' lang='lat' dir='ltr'>quae</span> <span class='ocrx_word' id='word_1_92' title='bbox 597 1364 671 1422; x_wconf 88' lang='lat' dir='ltr'>ante</span> <span class='ocrx_word' id='word_1_93' title='bbox 698 1379 816 1422; x_wconf 87' lang='lat' dir='ltr'>annum</span> <span class='ocrx_word' id='word_1_94' title='bbox 840 1361 900 1421; x_wconf 80' lang='lat'>692</span> <span class='ocrx_word' id='word_1_95' title='bbox 932 1356 1007 1420; x_wconf 87' lang='lat' dir='ltr'>data</span> <span class='ocrx_word' id='word_1_96' title='bbox 1027 1357 1082 1434; x_wconf 90' lang='lat' dir='ltr'>sit,</span> <span class='ocrx_word' id='word_1_97' title='bbox 1109 1356 1207 1437; x_wconf 87' lang='lat' dir='ltr'>ipsios</span> <span class='ocrx_word' id='word_1_98' title='bbox 1230 1361 1337 1419; x_wconf 87' lang='lat' dir='ltr'>autem</span> <span class='ocrx_word' id='word_1_99' title='bbox 1358 1354 1451 1418; x_wconf 90' lang='lat' dir='ltr'>huius</span> <span class='ocrx_word' id='word_1_100' title='bbox 1473 1355 1547 1418; x_wconf 92' lang='lat' dir='ltr'>anni</span> 
     </span>
     <span class='ocr_line' id='line_1_11' title="bbox 209 1472 1547 1563; baseline 0 -28"><span class='ocrx_word' id='word_1_101' title='bbox 209 1492 271 1536; x_wconf 89' lang='lat' dir='ltr'>non</span> <span class='ocrx_word' id='word_1_102' title='bbox 298 1472 369 1554; x_wconf 88' lang='lat' dir='ltr'>plns</span> <span class='ocrx_word' id='word_1_103' title='bbox 398 1480 535 1554; x_wconf 90' lang='lat' dir='ltr'>quatuor</span> <span class='ocrx_word' id='word_1_104' title='bbox 562 1474 614 1563; x_wconf 82' lang='lat' dir='ltr'>(V.</span> <span class='ocrx_word' id='word_1_105' title='bbox 641 1483 665 1554; x_wconf 93' lang='lat' dir='ltr'>l,</span> <span class='ocrx_word' id='word_1_106' title='bbox 688 1481 715 1555; x_wconf 81' lang='lat'>2,</span> <span class='ocrx_word' id='word_1_107' title='bbox 736 1482 763 1553; x_wconf 89' lang='lat'>6,</span> <span class='ocrx_word' id='word_1_108' title='bbox 788 1473 820 1560; x_wconf 81' lang='grc'>7)</span> <span class='ocrx_word' id='word_1_109' title='bbox 849 1476 922 1539; x_wconf 88' lang='lat' dir='ltr'>anni</span> <span class='ocrx_word' id='word_1_110' title='bbox 951 1480 1012 1538; x_wconf 86' lang='grc'>693</span> <span class='ocrx_word' id='word_1_111' title='bbox 1040 1495 1104 1538; x_wconf 82' lang='lat' dir='ltr'>una</span> <span class='ocrx_word' id='word_1_112' title='bbox 1132 1473 1184 1561; x_wconf 82' lang='lat' dir='ltr'>(V.</span> <span class='ocrx_word' id='word_1_113' title='bbox 1208 1473 1242 1558; x_wconf 76' lang='grc' dir='ltr'>ὁ)</span> <span class='ocrx_word' id='word_1_114' title='bbox 1271 1474 1345 1537; x_wconf 81' lang='lat' dir='ltr'>enni</span> <span class='ocrx_word' id='word_1_115' title='bbox 1372 1472 1547 1550; x_wconf 73' lang='grc'><strong>69111111,</strong></span> 
     </span>
     <span class='ocr_line' id='line_1_12' title="bbox 209 1591 1547 1678; baseline -0.001 -24"><span class='ocrx_word' id='word_1_116' title='bbox 209 1591 284 1654; x_wconf 86' lang='lat' dir='ltr'>anni</span> <span class='ocrx_word' id='word_1_117' title='bbox 314 1596 373 1654; x_wconf 80' lang='lat'>695</span> <span class='ocrx_word' id='word_1_118' title='bbox 403 1591 485 1656; x_wconf 89' lang='lat' dir='ltr'>duae</span> <span class='ocrx_word' id='word_1_119' title='bbox 506 1591 558 1676; x_wconf 81' lang='lat' dir='ltr'>(cf.</span> <span class='ocrx_word' id='word_1_120' title='bbox 582 1593 707 1658; x_wconf 88' lang='lat' dir='ltr'>Gruber</span> <span class='ocrx_word' id='word_1_121' title='bbox 727 1592 749 1657; x_wconf 92' lang='grc'>1.</span> <span class='ocrx_word' id='word_1_122' title='bbox 772 1615 797 1656; x_wconf 90' lang='lat' dir='ltr'>o.</span> <span class='ocrx_word' id='word_1_123' title='bbox 818 1614 889 1675; x_wconf 85' lang='lat' dir='ltr'>pag.</span> <span class='ocrx_word' id='word_1_124' title='bbox 912 1591 956 1678; x_wconf 83' lang='lat'>4),</span> <span class='ocrx_word' id='word_1_125' title='bbox 984 1610 1048 1674; x_wconf 85' lang='lat' dir='ltr'>quo</span> <span class='ocrx_word' id='word_1_126' title='bbox 1067 1594 1168 1674; x_wconf 87' lang='lat' dir='ltr'>magis</span> <span class='ocrx_word' id='word_1_127' title='bbox 1189 1591 1407 1675; x_wconf 80' lang='lat' dir='ltr'>progredimur</span> <span class='ocrx_word' id='word_1_128' title='bbox 1428 1612 1464 1655; x_wconf 92' lang='lat' dir='ltr'>eo</span> <span class='ocrx_word' id='word_1_129' title='bbox 1486 1591 1547 1654; x_wconf 78' lang='grc'><strong>111-</strong></span> 
     </span>
     <span class='ocr_line' id='line_1_13' title="bbox 210 1710 1548 1793; baseline 0.001 -22"><span class='ocrx_word' id='word_1_130' title='bbox 210 1710 389 1790; x_wconf 87' lang='lat' dir='ltr'>quentiores</span> <span class='ocrx_word' id='word_1_131' title='bbox 407 1711 560 1792; x_wconf 87' lang='lat' dir='ltr'>epistulae</span> <span class='ocrx_word' id='word_1_132' title='bbox 581 1713 729 1790; x_wconf 86' lang='lat' dir='ltr'>existunt,</span> <span class='ocrx_word' id='word_1_133' title='bbox 750 1713 797 1776; x_wconf 83' lang='lat' dir='ltr'>ita</span> <span class='ocrx_word' id='word_1_134' title='bbox 819 1719 855 1776; x_wconf 93' lang='lat' dir='ltr'>ut</span> <span class='ocrx_word' id='word_1_135' title='bbox 877 1733 992 1790; x_wconf 84' lang='lat' dir='ltr'>earum,</span> <span class='ocrx_word' id='word_1_136' title='bbox 1021 1732 1102 1793; x_wconf 87' lang='lat' dir='ltr'>quae</span> <span class='ocrx_word' id='word_1_137' title='bbox 1121 1712 1212 1775; x_wconf 89' lang='lat' dir='ltr'>annis</span> <span class='ocrx_word' id='word_1_138' title='bbox 1237 1716 1349 1774; x_wconf 78' lang='grc'><strong>11011</strong></span> <span class='ocrx_word' id='word_1_139' title='bbox 1373 1714 1429 1773; x_wconf 86' lang='grc'>711</span> <span class='ocrx_word' id='word_1_140' title='bbox 1455 1710 1548 1773; x_wconf 86' lang='lat' dir='ltr'>datae</span> 
     </span>
     <span class='ocr_line' id='line_1_14' title="bbox 210 1797 1357 1908; baseline 0.003 -19"><span class='ocrx_word' id='word_1_141' title='bbox 210 1828 241 1890; x_wconf 92' lang='lat' dir='ltr'>in</span> <span class='ocrx_word' id='word_1_142' title='bbox 265 1826 355 1892; x_wconf 90' lang='lat' dir='ltr'>libris</span> <span class='ocrx_word' id='word_1_143' title='bbox 376 1828 414 1907; x_wconf 92' lang='lat' dir='ltr'>X,</span> <span class='ocrx_word' id='word_1_144' title='bbox 436 1828 489 1906; x_wconf 90' lang='lat' dir='ltr'>XI,</span> <span class='ocrx_word' id='word_1_145' title='bbox 511 1829 580 1892; x_wconf 89' lang='lat' dir='ltr'>XII.</span> <span class='ocrx_word' id='word_1_146' title='bbox 604 1838 685 1908; x_wconf 83' lang='lat' dir='ltr'>sunt,</span> <span class='ocrx_word' id='word_1_147' title='bbox 707 1830 772 1895; x_wconf 85' lang='lat' dir='ltr'>fere</span> <span class='ocrx_word' id='word_1_148' title='bbox 791 1829 898 1895; x_wconf 88' lang='lat' dir='ltr'>nullae</span> <span class='ocrx_word' id='word_1_149' title='bbox 920 1831 1146 1894; x_wconf 83' lang='lat' dir='ltr'>desiderentur.</span> <span class='ocrx_word' id='word_1_150' title='bbox 1350 1797 1357 1836; x_wconf 61' lang='lat'>⁸</span> 
     </span>
    </p>

    <p class='ocr_par' dir='ltr' id='par_1_4' title="bbox 210 1946 1630 3333">
     <span class='ocr_line' id='line_1_15' title="bbox 315 1946 1548 2030; baseline -0.002 -20"><span class='ocrx_word' id='word_1_151' title='bbox 315 1946 435 2025; x_wconf 83' lang='lat' dir='ltr'>Quibus</span> <span class='ocrx_word' id='word_1_152' title='bbox 463 1947 558 2012; x_wconf 90' lang='lat' dir='ltr'>rebus</span> <span class='ocrx_word' id='word_1_153' title='bbox 587 1949 719 2030; x_wconf 89' lang='lat' dir='ltr'>cognitis</span> <span class='ocrx_word' id='word_1_154' title='bbox 740 1969 803 2012; x_wconf 90' lang='lat' dir='ltr'>non</span> <span class='ocrx_word' id='word_1_155' title='bbox 826 1949 996 2016; x_wconf 84' lang='lat' dir='ltr'>verendum</span> <span class='ocrx_word' id='word_1_156' title='bbox 1017 1956 1080 2026; x_wconf 90' lang='lat' dir='ltr'>est,</span> <span class='ocrx_word' id='word_1_157' title='bbox 1109 1970 1148 2012; x_wconf 89' lang='lat' dir='ltr'>ne</span> <span class='ocrx_word' id='word_1_158' title='bbox 1170 1970 1207 2015; x_wconf 89' lang='lat' dir='ltr'>ea</span> <span class='ocrx_word' id='word_1_159' title='bbox 1239 1968 1336 2028; x_wconf 88' lang='lat' dir='ltr'>quam</span> <span class='ocrx_word' id='word_1_160' title='bbox 1357 1946 1548 2029; x_wconf 87' lang='lat' dir='ltr'>proposituri</span> 
     </span>
     <span class='ocr_line' id='line_1_16' title="bbox 210 2064 1550 2148; baseline -0.001 -20"><span class='ocrx_word' id='word_1_161' title='bbox 210 2085 317 2129; x_wconf 89' lang='lat' dir='ltr'>sumus</span> <span class='ocrx_word' id='word_1_162' title='bbox 344 2066 551 2148; x_wconf 85' lang='lat' dir='ltr'>explicatione</span> <span class='ocrx_word' id='word_1_163' title='bbox 577 2068 623 2132; x_wconf 90' lang='lat' dir='ltr'>ita</span> <span class='ocrx_word' id='word_1_164' title='bbox 652 2067 789 2132; x_wconf 92' lang='lat' dir='ltr'>multum</span> <span class='ocrx_word' id='word_1_165' title='bbox 809 2089 829 2131; x_wconf 85' lang='lat' dir='ltr'>a</span> <span class='ocrx_word' id='word_1_166' title='bbox 849 2085 923 2131; x_wconf 82' lang='lat' dir='ltr'>vero</span> <span class='ocrx_word' id='word_1_167' title='bbox 944 2065 1135 2131; x_wconf 89' lang='lat' dir='ltr'>aberremus.</span> <span class='ocrx_word' id='word_1_168' title='bbox 1181 2065 1343 2147; x_wconf 82' lang='lat' dir='ltr'>Fingimus</span> <span class='ocrx_word' id='word_1_169' title='bbox 1365 2065 1448 2128; x_wconf 89' lang='lat' dir='ltr'>enim</span> <span class='ocrx_word' id='word_1_170' title='bbox 1468 2064 1550 2127; x_wconf 86' lang='lat' dir='ltr'>hano</span> 
     </span>
     <span class='ocr_line' id='line_1_17' title="bbox 211 2184 1549 2268; baseline -0.003 -20"><span class='ocrx_word' id='word_1_171' title='bbox 211 2184 341 2248; x_wconf 87' lang='lat' dir='ltr'>editoris</span> <span class='ocrx_word' id='word_1_172' title='bbox 361 2186 517 2250; x_wconf 84' lang='lat' dir='ltr'>rationem</span> <span class='ocrx_word' id='word_1_173' title='bbox 538 2184 696 2264; x_wconf 76' lang='grc'><strong>1111111111</strong></span> <span class='ocrx_word' id='word_1_174' title='bbox 716 2208 769 2251; x_wconf 88' lang='lat' dir='ltr'>eas</span> <span class='ocrx_word' id='word_1_175' title='bbox 790 2185 949 2268; x_wconf 82' lang='lat' dir='ltr'>epistulas,</span> <span class='ocrx_word' id='word_1_176' title='bbox 973 2205 1052 2266; x_wconf 85' lang='lat' dir='ltr'>quas</span> <span class='ocrx_word' id='word_1_177' title='bbox 1075 2193 1149 2250; x_wconf 89' lang='lat' dir='ltr'>ante</span> <span class='ocrx_word' id='word_1_178' title='bbox 1171 2187 1331 2250; x_wconf 88' lang='lat' dir='ltr'>ineuntem</span> <span class='ocrx_word' id='word_1_179' title='bbox 1349 2205 1467 2248; x_wconf 88' lang='lat' dir='ltr'>annum</span> <span class='ocrx_word' id='word_1_180' title='bbox 1490 2186 1549 2245; x_wconf 76' lang='lat'>710</span> 
     </span>
     <span class='ocr_line' id='line_1_18' title="bbox 210 2302 1551 2387; baseline -0.004 -19"><span class='ocrx_word' id='word_1_181' title='bbox 210 2302 392 2384; x_wconf 88' lang='lat' dir='ltr'>collegerat,</span> <span class='ocrx_word' id='word_1_182' title='bbox 419 2311 495 2368; x_wconf 87' lang='lat' dir='ltr'>tunc</span> <span class='ocrx_word' id='word_1_183' title='bbox 522 2306 555 2368; x_wconf 94' lang='lat' dir='ltr'>in</span> <span class='ocrx_word' id='word_1_184' title='bbox 584 2305 743 2368; x_wconf 83' lang='lat' dir='ltr'>volumina</span> <span class='ocrx_word' id='word_1_185' title='bbox 772 2306 942 2387; x_wconf 84' lang='lat' dir='ltr'>redigeret,</span> <span class='ocrx_word' id='word_1_186' title='bbox 970 2325 1072 2385; x_wconf 89' lang='lat' dir='ltr'>neque</span> <span class='ocrx_word' id='word_1_187' title='bbox 1097 2325 1172 2368; x_wconf 89' lang='lat' dir='ltr'>vero</span> <span class='ocrx_word' id='word_1_188' title='bbox 1198 2304 1303 2386; x_wconf 91' lang='lat' dir='ltr'>priore</span> <span class='ocrx_word' id='word_1_189' title='bbox 1332 2302 1392 2368; x_wconf 90' lang='lat' dir='ltr'>hoo</span> <span class='ocrx_word' id='word_1_190' title='bbox 1422 2320 1551 2382; x_wconf 87' lang='lat' dir='ltr'>corpore</span> 
     </span>
     <span class='ocr_line' id='line_1_19' title="bbox 211 2417 1551 2504; baseline -0.004 -18"><span class='ocrx_word' id='word_1_191' title='bbox 211 2422 395 2504; x_wconf 87' lang='lat' dir='ltr'>composito,</span> <span class='ocrx_word' id='word_1_192' title='bbox 424 2423 512 2486; x_wconf 90' lang='lat' dir='ltr'>ouius</span> <span class='ocrx_word' id='word_1_193' title='bbox 539 2429 613 2486; x_wconf 90' lang='lat' dir='ltr'>sunt</span> <span class='ocrx_word' id='word_1_194' title='bbox 641 2422 715 2486; x_wconf 84' lang='lat' dir='ltr'>libri</span> <span class='ocrx_word' id='word_1_195' title='bbox 743 2422 854 2501; x_wconf 79' lang='lat' dir='ltr'>I-DI,</span> <span class='ocrx_word' id='word_1_196' title='bbox 881 2422 963 2501; x_wconf 91' lang='lat' dir='ltr'>XIV,</span> <span class='ocrx_word' id='word_1_197' title='bbox 990 2421 1056 2500; x_wconf 88' lang='lat' dir='ltr'>XV,</span> <span class='ocrx_word' id='word_1_198' title='bbox 1079 2421 1161 2500; x_wconf 90' lang='lat' dir='ltr'>XVI,</span> <span class='ocrx_word' id='word_1_199' title='bbox 1188 2422 1366 2485; x_wconf 91' lang='lat' dir='ltr'>remitteret</span> <span class='ocrx_word' id='word_1_200' title='bbox 1386 2417 1551 2500; x_wconf 89' lang='lat' dir='ltr'>colligendi</span> 
     </span>
     <span class='ocr_line' id='line_1_20' title="bbox 211 2536 1551 2622; baseline -0.002 -20"><span class='ocrx_word' id='word_1_201' title='bbox 211 2539 363 2618; x_wconf 90' lang='lat' dir='ltr'>studium,</span> <span class='ocrx_word' id='word_1_202' title='bbox 386 2561 494 2604; x_wconf 82' lang='lat' dir='ltr'>rerum</span> <span class='ocrx_word' id='word_1_203' title='bbox 522 2561 590 2606; x_wconf 89' lang='lat' dir='ltr'>rem</span> <span class='ocrx_word' id='word_1_204' title='bbox 610 2541 657 2605; x_wconf 89' lang='lat' dir='ltr'>ita</span> <span class='ocrx_word' id='word_1_205' title='bbox 675 2542 869 2619; x_wconf 87' lang='lat' dir='ltr'>institueret,</span> <span class='ocrx_word' id='word_1_206' title='bbox 895 2549 933 2605; x_wconf 90' lang='lat' dir='ltr'>ut</span> <span class='ocrx_word' id='word_1_207' title='bbox 953 2560 1156 2621; x_wconf 84' lang='lat' dir='ltr'>quascunque</span> <span class='ocrx_word' id='word_1_208' title='bbox 1177 2539 1329 2622; x_wconf 84' lang='lat' dir='ltr'>epistulas</span> <span class='ocrx_word' id='word_1_209' title='bbox 1351 2537 1458 2602; x_wconf 84' lang='lat' dir='ltr'>Cicero</span> <span class='ocrx_word' id='word_1_210' title='bbox 1478 2536 1551 2600; x_wconf 91' lang='lat' dir='ltr'>inde</span> 
     </span>
     <span class='ocr_line' id='line_1_21' title="bbox 211 2657 1630 2743; baseline -0.002 -22"><span class='ocrx_word' id='word_1_211' title='bbox 211 2658 274 2722; x_wconf 84' lang='lat' dir='ltr'>sive</span> <span class='ocrx_word' id='word_1_212' title='bbox 296 2657 400 2736; x_wconf 86' lang='lat' dir='ltr'>daret,</span> <span class='ocrx_word' id='word_1_213' title='bbox 431 2661 495 2724; x_wconf 91' lang='lat' dir='ltr'>sive</span> <span class='ocrx_word' id='word_1_214' title='bbox 513 2659 625 2724; x_wconf 86' lang='lat' dir='ltr'>missas</span> <span class='ocrx_word' id='word_1_215' title='bbox 645 2661 813 2743; x_wconf 83' lang='lat' dir='ltr'>acciperet,</span> <span class='ocrx_word' id='word_1_216' title='bbox 842 2681 906 2741; x_wconf 90' lang='lat' dir='ltr'>quo</span> <span class='ocrx_word' id='word_1_217' title='bbox 927 2659 1035 2723; x_wconf 91' lang='lat' dir='ltr'>ordine</span> <span class='ocrx_word' id='word_1_218' title='bbox 1057 2679 1124 2723; x_wconf 90' lang='lat' dir='ltr'>sese</span> <span class='ocrx_word' id='word_1_219' title='bbox 1143 2659 1322 2741; x_wconf 81' lang='lat' dir='ltr'>exciperent</span> <span class='ocrx_word' id='word_1_220' title='bbox 1342 2661 1550 2739; x_wconf 90' lang='lat' dir='ltr'>componeret.</span> <span class='ocrx_word' id='word_1_221' title='bbox 1627 2697 1630 2704; x_wconf 70' lang='lat'>,</span> 
     </span>
     <span class='ocr_line' id='line_1_22' title="bbox 212 2774 1553 2860; baseline 0.001 -22"><span class='ocrx_word' id='word_1_222' title='bbox 212 2775 301 2840; x_wconf 89' lang='lat' dir='ltr'>Hanc</span> <span class='ocrx_word' id='word_1_223' title='bbox 323 2777 474 2858; x_wconf 85' lang='lat' dir='ltr'>originem</span> <span class='ocrx_word' id='word_1_224' title='bbox 495 2776 590 2843; x_wconf 78' lang='grc'><strong>1111111</strong></span> <span class='ocrx_word' id='word_1_225' title='bbox 610 2780 751 2860; x_wconf 87' lang='lat' dir='ltr'>suspicor</span> <span class='ocrx_word' id='word_1_226' title='bbox 771 2777 925 2843; x_wconf 89' lang='lat' dir='ltr'>librorum</span> <span class='ocrx_word' id='word_1_227' title='bbox 945 2777 983 2856; x_wconf 91' lang='lat' dir='ltr'>X,</span> <span class='ocrx_word' id='word_1_228' title='bbox 1004 2777 1057 2856; x_wconf 88' lang='lat' dir='ltr'>XL</span> <span class='ocrx_word' id='word_1_229' title='bbox 1079 2775 1149 2840; x_wconf 95' lang='lat' dir='ltr'>XII.</span> <span class='ocrx_word' id='word_1_230' title='bbox 1194 2776 1275 2840; x_wconf 89' lang='lat' dir='ltr'>Tum</span> <span class='ocrx_word' id='word_1_231' title='bbox 1295 2797 1369 2841; x_wconf 85' lang='lat' dir='ltr'>vero</span> <span class='ocrx_word' id='word_1_232' title='bbox 1391 2775 1453 2838; x_wconf 88' lang='lat' dir='ltr'>duo</span> <span class='ocrx_word' id='word_1_233' title='bbox 1475 2774 1553 2839; x_wconf 88' lang='lat' dir='ltr'>haec</span> 
     </span>
     <span class='ocr_line' id='line_1_23' title="bbox 212 2893 1556 2983; baseline -0.001 -26"><span class='ocrx_word' id='word_1_234' title='bbox 212 2893 370 2959; x_wconf 83' lang='lat' dir='ltr'>volumina</span> <span class='ocrx_word' id='word_1_235' title='bbox 396 2915 526 2978; x_wconf 83' lang='lat' dir='ltr'>prorsus</span> <span class='ocrx_word' id='word_1_236' title='bbox 546 2895 721 2975; x_wconf 87' lang='lat' dir='ltr'>dissimilia,</span> <span class='ocrx_word' id='word_1_237' title='bbox 751 2895 864 2983; x_wconf 86' lang='lat' dir='ltr'>(quum</span> <span class='ocrx_word' id='word_1_238' title='bbox 882 2897 1018 2962; x_wconf 85' lang='lat' dir='ltr'>alterum</span> <span class='ocrx_word' id='word_1_239' title='bbox 1041 2897 1102 2961; x_wconf 91' lang='lat' dir='ltr'>hoo</span> <span class='ocrx_word' id='word_1_240' title='bbox 1124 2917 1177 2961; x_wconf 87' lang='lat' dir='ltr'>eas</span> <span class='ocrx_word' id='word_1_241' title='bbox 1197 2896 1350 2979; x_wconf 81' lang='lat' dir='ltr'>epistulas</span> <span class='ocrx_word' id='word_1_242' title='bbox 1370 2895 1556 2970; x_wconf 88' lang='lat' dir='ltr'>contineret,</span> 
     </span>
     <span class='ocr_line' id='line_1_24' title="bbox 213 3012 1552 3098; baseline -0.002 -21"><span class='ocrx_word' id='word_1_243' title='bbox 213 3031 293 3093; x_wconf 86' lang='lat' dir='ltr'>quae</span> <span class='ocrx_word' id='word_1_244' title='bbox 325 3020 400 3078; x_wconf 91' lang='lat' dir='ltr'>tunc</span> <span class='ocrx_word' id='word_1_245' title='bbox 425 3014 574 3079; x_wconf 82' lang='lat' dir='ltr'>collectae</span> <span class='ocrx_word' id='word_1_246' title='bbox 601 3022 689 3093; x_wconf 90' lang='lat' dir='ltr'>sunt,</span> <span class='ocrx_word' id='word_1_247' title='bbox 718 3035 815 3095; x_wconf 91' lang='lat' dir='ltr'>quum</span> <span class='ocrx_word' id='word_1_248' title='bbox 838 3014 945 3080; x_wconf 81' lang='lat' dir='ltr'>Cicero</span> <span class='ocrx_word' id='word_1_249' title='bbox 974 3016 1041 3098; x_wconf 89' lang='lat' dir='ltr'>ipse</span> <span class='ocrx_word' id='word_1_250' title='bbox 1070 3036 1124 3079; x_wconf 87' lang='lat' dir='ltr'>ess</span> <span class='ocrx_word' id='word_1_251' title='bbox 1150 3021 1183 3080; x_wconf 92' lang='lat' dir='ltr'>et</span> <span class='ocrx_word' id='word_1_252' title='bbox 1211 3015 1336 3096; x_wconf 87' lang='lat' dir='ltr'>scripsit</span> <span class='ocrx_word' id='word_1_253' title='bbox 1364 3020 1397 3078; x_wconf 91' lang='lat' dir='ltr'>et</span> <span class='ocrx_word' id='word_1_254' title='bbox 1425 3012 1552 3094; x_wconf 86' lang='lat' dir='ltr'>accepit,</span> 
     </span>
     <span class='ocr_line' id='line_1_25' title="bbox 212 3131 1554 3215; baseline -0.003 -19"><span class='ocrx_word' id='word_1_255' title='bbox 212 3131 347 3196; x_wconf 83' lang='lat' dir='ltr'>eltemm</span> <span class='ocrx_word' id='word_1_256' title='bbox 367 3153 434 3210; x_wconf 89' lang='lat' dir='ltr'>eas,</span> <span class='ocrx_word' id='word_1_257' title='bbox 462 3153 544 3214; x_wconf 84' lang='lat' dir='ltr'>quse</span> <span class='ocrx_word' id='word_1_258' title='bbox 563 3155 632 3198; x_wconf 88' lang='lat' dir='ltr'>sero</span> <span class='ocrx_word' id='word_1_259' title='bbox 654 3134 813 3215; x_wconf 89' lang='lat' dir='ltr'>querendo</span> <span class='ocrx_word' id='word_1_260' title='bbox 834 3155 926 3198; x_wconf 83' lang='lat' dir='ltr'>rarae</span> <span class='ocrx_word' id='word_1_261' title='bbox 946 3140 1090 3215; x_wconf 84' lang='lat' dir='ltr'>repertae</span> <span class='ocrx_word' id='word_1_262' title='bbox 1109 3139 1211 3214; x_wconf 83' lang='lat' dir='ltr'>sunt),</span> <span class='ocrx_word' id='word_1_263' title='bbox 1240 3135 1287 3197; x_wconf 90' lang='lat' dir='ltr'>ita</span> <span class='ocrx_word' id='word_1_264' title='bbox 1308 3133 1393 3198; x_wconf 90' lang='lat' dir='ltr'>edita</span> <span class='ocrx_word' id='word_1_265' title='bbox 1414 3138 1496 3208; x_wconf 90' lang='lat' dir='ltr'>sunt,</span> <span class='ocrx_word' id='word_1_266' title='bbox 1518 3136 1554 3194; x_wconf 92' lang='lat' dir='ltr'>ut</span> 
     </span>
     <span class='ocr_line' id='line_1_26' title="bbox 213 3237 1549 3333; baseline -0.002 -20"><span class='ocrx_word' id='word_1_267' title='bbox 213 3251 378 3332; x_wconf 90' lang='lat' dir='ltr'>utriusque</span> <span class='ocrx_word' id='word_1_268' title='bbox 406 3249 507 3316; x_wconf 83' lang='lat' dir='ltr'>forms</span> <span class='ocrx_word' id='word_1_269' title='bbox 534 3259 659 3318; x_wconf 83' lang='lat' dir='ltr'>serrata</span> <span class='ocrx_word' id='word_1_270' title='bbox 686 3273 726 3316; x_wconf 90' lang='lat' dir='ltr'>ne</span> <span class='ocrx_word' id='word_1_271' title='bbox 748 3237 879 3333; x_wconf 81' lang='lat' dir='ltr'>vestigia</span> <span class='ocrx_word' id='word_1_272' title='bbox 900 3251 1028 3333; x_wconf 85' lang='lat' dir='ltr'>quidem</span> <span class='ocrx_word' id='word_1_273' title='bbox 1050 3251 1190 3316; x_wconf 81' lang='lat' dir='ltr'>diversae</span> <span class='ocrx_word' id='word_1_274' title='bbox 1212 3253 1340 3333; x_wconf 90' lang='lat' dir='ltr'>originis</span> <span class='ocrx_word' id='word_1_275' title='bbox 1362 3249 1549 3314; x_wconf 89' lang='lat' dir='ltr'>delerentur.</span> 
     </span>
    </p>

    <p class='ocr_par' dir='ltr' id='par_1_5' title="bbox 214 3367 1552 3690">
     <span class='ocr_line' id='line_1_27' title="bbox 319 3367 1552 3452; baseline -0.002 -19"><span class='ocrx_word' id='word_1_276' title='bbox 319 3368 389 3447; x_wconf 84' lang='lat' dir='ltr'>Qua</span> <span class='ocrx_word' id='word_1_277' title='bbox 422 3371 590 3448; x_wconf 84' lang='lat' dir='ltr'>sententia,</span> <span class='ocrx_word' id='word_1_278' title='bbox 627 3377 821 3452; x_wconf 87' lang='lat' dir='ltr'>quantopere</span> <span class='ocrx_word' id='word_1_279' title='bbox 855 3371 901 3434; x_wconf 88' lang='lat' dir='ltr'>rei</span> <span class='ocrx_word' id='word_1_280' title='bbox 939 3368 1182 3447; x_wconf 73' lang='lat' dir='ltr'>satisfaciamus,</span> <span class='ocrx_word' id='word_1_281' title='bbox 1216 3389 1314 3450; x_wconf 91' lang='lat' dir='ltr'>quum</span> <span class='ocrx_word' id='word_1_282' title='bbox 1348 3367 1439 3432; x_wconf 73' lang='lat' dir='ltr'>facile</span> <span class='ocrx_word' id='word_1_283' title='bbox 1470 3387 1552 3430; x_wconf 89' lang='lat' dir='ltr'>nnus</span> 
     </span>
     <span class='ocr_line' id='line_1_28' title="bbox 214 3487 1552 3571; baseline -0.002 -19"><span class='ocrx_word' id='word_1_284' title='bbox 214 3488 347 3569; x_wconf 89' lang='lat' dir='ltr'>quisque</span> <span class='ocrx_word' id='word_1_285' title='bbox 368 3487 532 3569; x_wconf 87' lang='lat' dir='ltr'>intelliget,</span> <span class='ocrx_word' id='word_1_286' title='bbox 561 3495 669 3554; x_wconf 84' lang='lat' dir='ltr'>tamen</span> <span class='ocrx_word' id='word_1_287' title='bbox 690 3510 752 3554; x_wconf 91' lang='lat' dir='ltr'>non</span> <span class='ocrx_word' id='word_1_288' title='bbox 780 3488 869 3571; x_wconf 87' lang='lat' dir='ltr'>prius</span> <span class='ocrx_word' id='word_1_289' title='bbox 890 3493 1072 3568; x_wconf 83' lang='lat' dir='ltr'>exponetur,</span> <span class='ocrx_word' id='word_1_290' title='bbox 1103 3507 1199 3569; x_wconf 91' lang='lat' dir='ltr'>quam</span> <span class='ocrx_word' id='word_1_291' title='bbox 1219 3509 1264 3566; x_wconf 73' lang='lat' dir='ltr'>ea</span> <span class='ocrx_word' id='word_1_292' title='bbox 1293 3507 1375 3569; x_wconf 88' lang='lat' dir='ltr'>quae</span> <span class='ocrx_word' id='word_1_293' title='bbox 1397 3487 1491 3551; x_wconf 90' lang='lat' dir='ltr'>modo</span> <span class='ocrx_word' id='word_1_294' title='bbox 1513 3507 1552 3549; x_wconf 88' lang='lat' dir='ltr'>ex</span> 
     </span>
     <span class='ocr_line' id='line_1_29' title="bbox 215 3605 1550 3690; baseline -0.004 -20"><span class='ocrx_word' id='word_1_295' title='bbox 215 3607 436 3688; x_wconf 86' lang='lat' dir='ltr'>compositione</span> <span class='ocrx_word' id='word_1_296' title='bbox 457 3605 551 3670; x_wconf 89' lang='lat' dir='ltr'>huius</span> <span class='ocrx_word' id='word_1_297' title='bbox 572 3608 711 3688; x_wconf 85' lang='lat' dir='ltr'>corporis</span> <span class='ocrx_word' id='word_1_298' title='bbox 725 3606 916 3690; x_wconf 70' lang='lat' dir='ltr'>collegimus</span> <span class='ocrx_word' id='word_1_299' title='bbox 937 3606 1009 3671; x_wconf 87' lang='lat' dir='ltr'>aliis</span> <span class='ocrx_word' id='word_1_300' title='bbox 1025 3607 1219 3689; x_wconf 86' lang='lat' dir='ltr'>argumentis</span> <span class='ocrx_word' id='word_1_301' title='bbox 1236 3605 1550 3689; x_wconf 81' lang='lat' dir='ltr'>comprobaverimus.</span> 
     </span>
    </p>
   </div>
   <div class='ocr_carea' id='block_1_3' title="bbox 215 3840 1552 4043">
    <p class='ocr_par' dir='ltr' id='par_1_6' title="bbox 215 3840 1552 4043">
     <span class='ocr_line' id='line_1_30' title="bbox 320 3840 1552 3925; baseline -0.003 -17"><span class='ocrx_word' id='word_1_302' title='bbox 320 3841 469 3909; x_wconf 83' lang='lat' dir='ltr'>Consulto</span> <span class='ocrx_word' id='word_1_303' title='bbox 490 3843 632 3920; x_wconf 82' lang='lat' dir='ltr'>fecimus,</span> <span class='ocrx_word' id='word_1_304' title='bbox 660 3843 745 3924; x_wconf 88' lang='lat' dir='ltr'>quod</span> <span class='ocrx_word' id='word_1_305' title='bbox 765 3842 882 3906; x_wconf 91' lang='lat' dir='ltr'>librum</span> <span class='ocrx_word' id='word_1_306' title='bbox 903 3841 989 3906; x_wconf 92' lang='lat' dir='ltr'>XIII.</span> <span class='ocrx_word' id='word_1_307' title='bbox 1013 3864 1033 3907; x_wconf 89' lang='lat' dir='ltr'>a</span> <span class='ocrx_word' id='word_1_308' title='bbox 1054 3850 1222 3925; x_wconf 87' lang='lat' dir='ltr'>conspectu</span> <span class='ocrx_word' id='word_1_309' title='bbox 1243 3842 1435 3923; x_wconf 89' lang='lat' dir='ltr'>reliquorum</span> <span class='ocrx_word' id='word_1_310' title='bbox 1454 3840 1552 3904; x_wconf 89' lang='lat' dir='ltr'>libro-</span> 
     </span>
     <span class='ocr_line' id='line_1_31' title="bbox 215 3959 1552 4043; baseline -0.004 -16"><span class='ocrx_word' id='word_1_311' title='bbox 215 3983 287 4027; x_wconf 91' lang='lat' dir='ltr'>rum</span> <span class='ocrx_word' id='word_1_312' title='bbox 311 3963 507 4040; x_wconf 85' lang='lat' dir='ltr'>seclusimus,</span> <span class='ocrx_word' id='word_1_313' title='bbox 535 3963 610 4043; x_wconf 91' lang='lat' dir='ltr'>quia</span> <span class='ocrx_word' id='word_1_314' title='bbox 635 3962 690 4042; x_wconf 88' lang='lat' dir='ltr'>qui</span> <span class='ocrx_word' id='word_1_315' title='bbox 717 3963 750 4025; x_wconf 93' lang='lat' dir='ltr'>in</span> <span class='ocrx_word' id='word_1_316' title='bbox 776 3982 849 4026; x_wconf 90' lang='lat' dir='ltr'>eum</span> <span class='ocrx_word' id='word_1_317' title='bbox 875 3961 979 4025; x_wconf 88' lang='lat' dir='ltr'>nullas</span> <span class='ocrx_word' id='word_1_318' title='bbox 1000 3961 1151 4042; x_wconf 89' lang='lat' dir='ltr'>epistulas</span> <span class='ocrx_word' id='word_1_319' title='bbox 1170 3961 1301 4042; x_wconf 90' lang='lat' dir='ltr'>recepit,</span> <span class='ocrx_word' id='word_1_320' title='bbox 1331 3960 1391 4023; x_wconf 88' lang='lat' dir='ltr'>nisi</span> <span class='ocrx_word' id='word_1_321' title='bbox 1412 3959 1552 4024; x_wconf 86' lang='lat' dir='ltr'>eiusdem</span> 
     </span>
    </p>
   </div>
   <div class='ocr_carea' id='block_1_4' title="bbox 216 4078 1552 4164">
    <p class='ocr_par' dir='ltr' id='par_1_7' title="bbox 216 4078 1552 4164">
     <span class='ocr_line' id='line_1_32' title="bbox 216 4078 1552 4164; baseline -0.002 -19"><span class='ocrx_word' id='word_1_322' title='bbox 216 4081 406 4163; x_wconf 77' lang='lat' dir='ltr'>argumenti,</span> <span class='ocrx_word' id='word_1_323' title='bbox 435 4079 495 4144; x_wconf 89' lang='lat' dir='ltr'>hoo</span> <span class='ocrx_word' id='word_1_324' title='bbox 516 4101 608 4144; x_wconf 88' lang='lat' dir='ltr'>suum</span> <span class='ocrx_word' id='word_1_325' title='bbox 627 4102 741 4164; x_wconf 89' lang='lat' dir='ltr'>corpus</span> <span class='ocrx_word' id='word_1_326' title='bbox 762 4087 858 4162; x_wconf 90' lang='lat' dir='ltr'>atque</span> <span class='ocrx_word' id='word_1_327' title='bbox 879 4102 898 4144; x_wconf 88' lang='lat' dir='ltr'>a</span> <span class='ocrx_word' id='word_1_328' title='bbox 919 4079 1031 4144; x_wconf 87' lang='lat' dir='ltr'>ceteris</span> <span class='ocrx_word' id='word_1_329' title='bbox 1053 4079 1191 4144; x_wconf 86' lang='lat' dir='ltr'>alienum</span> <span class='ocrx_word' id='word_1_330' title='bbox 1211 4099 1278 4143; x_wconf 90' lang='lat' dir='ltr'>esse</span> <span class='ocrx_word' id='word_1_331' title='bbox 1298 4078 1415 4158; x_wconf 82' lang='lat' dir='ltr'>voluit3</span> <span class='ocrx_word' id='word_1_332' title='bbox 1451 4099 1552 4159; x_wconf 89' lang='lat' dir='ltr'>neque</span> 
     </span>
    </p>
   </div>
   <div class='ocr_carea' id='block_1_5' title="bbox 217 4197 1553 4644">
    <p class='ocr_par' dir='ltr' id='par_1_8' title="bbox 217 4197 1553 4644">
     <span class='ocr_line' id='line_1_33' title="bbox 219 4197 1553 4291; baseline -0.002 -30"><span class='ocrx_word' id='word_1_333' title='bbox 219 4219 289 4262; x_wconf 85' lang='lat' dir='ltr'>vero</span> <span class='ocrx_word' id='word_1_334' title='bbox 315 4198 355 4263; x_wconf 95' lang='lat' dir='ltr'>ob</span> <span class='ocrx_word' id='word_1_335' title='bbox 384 4199 483 4263; x_wconf 86' lang='lat' dir='ltr'>solam</span> <span class='ocrx_word' id='word_1_336' title='bbox 510 4199 592 4263; x_wconf 84' lang='lat' dir='ltr'>hano</span> <span class='ocrx_word' id='word_1_337' title='bbox 620 4221 764 4291; x_wconf 87' lang='lat' dir='ltr'>causam,</span> <span class='ocrx_word' id='word_1_338' title='bbox 798 4199 853 4264; x_wconf 88' lang='lat' dir='ltr'>sed</span> <span class='ocrx_word' id='word_1_339' title='bbox 880 4199 980 4280; x_wconf 87' lang='lat' dir='ltr'>magis</span> <span class='ocrx_word' id='word_1_340' title='bbox 1009 4199 1119 4277; x_wconf 90' lang='lat' dir='ltr'>etiam,</span> <span class='ocrx_word' id='word_1_341' title='bbox 1155 4198 1230 4279; x_wconf 90' lang='lat' dir='ltr'>quia</span> <span class='ocrx_word' id='word_1_342' title='bbox 1258 4198 1291 4260; x_wconf 91' lang='lat' dir='ltr'>in</span> <span class='ocrx_word' id='word_1_343' title='bbox 1318 4197 1387 4262; x_wconf 92' lang='lat' dir='ltr'>loeo</span> <span class='ocrx_word' id='word_1_344' title='bbox 1416 4197 1553 4278; x_wconf 88' lang='lat' dir='ltr'>quodam</span> 
     </span>
     <span class='ocr_line' id='line_1_34' title="bbox 217 4314 1552 4399; baseline -0.004 -19"><span class='ocrx_word' id='word_1_345' title='bbox 217 4317 397 4395; x_wconf 86' lang='lat' dir='ltr'>tractando,</span> <span class='ocrx_word' id='word_1_346' title='bbox 425 4317 582 4399; x_wconf 89' lang='lat' dir='ltr'>quemad</span> <span class='ocrx_word' id='word_1_347' title='bbox 607 4317 724 4382; x_wconf 88' lang='lat' dir='ltr'>librum</span> <span class='ocrx_word' id='word_1_348' title='bbox 744 4316 830 4381; x_wconf 91' lang='lat' dir='ltr'>XIII.</span> <span class='ocrx_word' id='word_1_349' title='bbox 851 4317 1025 4395; x_wconf 83' lang='lat' dir='ltr'>referimus,</span> <span class='ocrx_word' id='word_1_350' title='bbox 1053 4315 1238 4399; x_wconf 87' lang='lat' dir='ltr'>ampliorem</span> <span class='ocrx_word' id='word_1_351' title='bbox 1258 4315 1441 4382; x_wconf 72' lang='lat' dir='ltr'>faomtatem</span> <span class='ocrx_word' id='word_1_352' title='bbox 1463 4314 1552 4377; x_wconf 92' lang='lat' dir='ltr'>nobis</span> 
     </span>
     <span class='ocr_line' id='line_1_35' title="bbox 218 4431 1553 4501; baseline -0.004 -2"><span class='ocrx_word' id='word_1_353' title='bbox 218 4435 329 4499; x_wconf 90' lang='lat' dir='ltr'>datum</span> <span class='ocrx_word' id='word_1_354' title='bbox 355 4435 393 4498; x_wconf 92' lang='lat' dir='ltr'>iri</span> <span class='ocrx_word' id='word_1_355' title='bbox 420 4435 654 4500; x_wconf 88' lang='lat' dir='ltr'>arbitrabamur</span> <span class='ocrx_word' id='word_1_356' title='bbox 680 4436 719 4500; x_wconf 95' lang='lat' dir='ltr'>de</span> <span class='ocrx_word' id='word_1_357' title='bbox 750 4436 926 4501; x_wconf 90' lang='lat' dir='ltr'>conditione</span> <span class='ocrx_word' id='word_1_358' title='bbox 952 4435 1046 4499; x_wconf 86' lang='lat' dir='ltr'>huius</span> <span class='ocrx_word' id='word_1_359' title='bbox 1077 4433 1151 4498; x_wconf 92' lang='lat' dir='ltr'>libri</span> <span class='ocrx_word' id='word_1_360' title='bbox 1178 4434 1310 4498; x_wconf 87' lang='lat' dir='ltr'>dicendi.</span> <span class='ocrx_word' id='word_1_361' title='bbox 1361 4431 1420 4496; x_wconf 88' lang='lat' dir='ltr'>Hic</span> <span class='ocrx_word' id='word_1_362' title='bbox 1447 4438 1553 4495; x_wconf 84' lang='lat' dir='ltr'>autem</span> 
     </span>
     <span class='ocr_line' id='line_1_36' title="bbox 219 4527 1235 4644; baseline -0.002 -26"><span class='ocrx_word' id='word_1_363' title='bbox 219 4562 268 4619; x_wconf 91' lang='lat' dir='ltr'>est</span> <span class='ocrx_word' id='word_1_364' title='bbox 286 4554 340 4618; x_wconf 93' lang='lat' dir='ltr'>ille</span> <span class='ocrx_word' id='word_1_365' title='bbox 361 4553 448 4618; x_wconf 88' lang='lat' dir='ltr'>loeus</span> <span class='ocrx_word' id='word_1_366' title='bbox 471 4553 678 4638; x_wconf 89' lang='lat' dir='ltr'>epistularum</span> <span class='ocrx_word' id='word_1_367' title='bbox 699 4555 741 4620; x_wconf 92' lang='lat' dir='ltr'>ad</span> <span class='ocrx_word' id='word_1_368' title='bbox 762 4553 845 4620; x_wconf 78' lang='lat' dir='ltr'>Act:</span> <span class='ocrx_word' id='word_1_369' title='bbox 868 4553 965 4644; x_wconf 83' lang='lat' dir='ltr'>(XVI.</span> <span class='ocrx_word' id='word_1_370' title='bbox 990 4561 1017 4632; x_wconf 79' lang='lat'>5,</span> <span class='ocrx_word' id='word_1_371' title='bbox 1038 4549 1082 4638; x_wconf 85' lang='lat'>4).</span> <span class='ocrx_word' id='word_1_372' title='bbox 1231 4527 1235 4534; x_wconf 27' lang='lat'><strong>⁴</strong></span> 
     </span>
    </p>
   </div>
   <div class='ocr_carea' id='block_1_6' title="bbox 276 4699 1469 4777">
    <p class='ocr_par' dir='ltr' id='par_1_9' title="bbox 276 4699 1469 4777">
     <span class='ocr_line' id='line_1_37' title="bbox 276 4699 1469 4777; baseline -0.005 -17"><span class='ocrx_word' id='word_1_373' title='bbox 276 4709 298 4777; x_wconf 71' lang='lat'>¹)</span> <span class='ocrx_word' id='word_1_374' title='bbox 323 4706 453 4776; x_wconf 68' lang='lat' dir='ltr'>Excipitur</span> <span class='ocrx_word' id='word_1_375' title='bbox 470 4707 517 4760; x_wconf 86' lang='lat' dir='ltr'>IV.</span> <span class='ocrx_word' id='word_1_376' title='bbox 534 4709 560 4775; x_wconf 81' lang='grc' dir='ltr'>ὃ,</span> <span class='ocrx_word' id='word_1_377' title='bbox 578 4709 619 4775; x_wconf 91' lang='grc'>11,</span> <span class='ocrx_word' id='word_1_378' title='bbox 639 4709 684 4774; x_wconf 79' lang='lat'>123</span> <span class='ocrx_word' id='word_1_379' title='bbox 703 4706 735 4760; x_wconf 90' lang='lat' dir='ltr'>V.</span> <span class='ocrx_word' id='word_1_380' title='bbox 754 4709 778 4774; x_wconf 89' lang='lat'>1,</span> <span class='ocrx_word' id='word_1_381' title='bbox 796 4707 822 4774; x_wconf 81' lang='lat'>3,</span> <span class='ocrx_word' id='word_1_382' title='bbox 840 4709 866 4774; x_wconf 90' lang='grc'>9,</span> <span class='ocrx_word' id='word_1_383' title='bbox 885 4709 938 4774; x_wconf 83' lang='grc'><strong>10“,</strong></span> <span class='ocrx_word' id='word_1_384' title='bbox 958 4705 1003 4773; x_wconf 86' lang='grc'>14;</span> <span class='ocrx_word' id='word_1_385' title='bbox 1024 4703 1070 4760; x_wconf 82' lang='lat' dir='ltr'>VI.</span> <span class='ocrx_word' id='word_1_386' title='bbox 1089 4706 1114 4772; x_wconf 78' lang='lat'>7,</span> <span class='ocrx_word' id='word_1_387' title='bbox 1130 4707 1155 4772; x_wconf 90' lang='grc'>9,</span> <span class='ocrx_word' id='word_1_388' title='bbox 1175 4706 1221 4772; x_wconf 87' lang='grc'>16;</span> <span class='ocrx_word' id='word_1_389' title='bbox 1239 4701 1285 4758; x_wconf 84' lang='lat' dir='ltr'>IX.</span> <span class='ocrx_word' id='word_1_390' title='bbox 1304 4706 1333 4771; x_wconf 81' lang='lat'>93</span> <span class='ocrx_word' id='word_1_391' title='bbox 1352 4699 1410 4757; x_wconf 87' lang='lat' dir='ltr'>XV.</span> <span class='ocrx_word' id='word_1_392' title='bbox 1430 4704 1469 4758; x_wconf 88' lang='lat'>19.</span> 
     </span>
    </p>
   </div>
   <div class='ocr_carea' id='block_1_7' title="bbox 0 0 1811 5266">
    <p class='ocr_par' dir='ltr' id='par_1_10' title="bbox 0 0 1811 5266">
     <span class='ocr_line' id='line_1_38' title="bbox 0 0 1811 5266; baseline 0 0"><span class='ocrx_word' id='word_1_393' title='bbox 0 0 1811 5266; x_wconf 95' lang='lat' dir='ltr'> </span> 
     </span>
    </p>
   </div>
  </div>
 </body>
</html>
