3586 5266
866 173 903 234 18

774 257 982 268 --—

210 437 349 519 singulas
370 438 465 502 huius
484 436 557 501 libri
580 438 733 519 epistulas
755 437 847 501 datas
868 458 935 502 esse
958 437 1075 515 volunt,
1097 437 1183 501 hunc
1204 439 1236 500 in
1258 437 1387 501 modum
1409 438 1556 500 videntur

209 556 395 637 dispertitae
416 577 500 620 esse:

210 695 282 737 ann.
296 673 428 751 695.(de
436 670 506 757 Gr.)
521 670 676 758 l.(B.-K.)
691 679 716 734 l.
727 670 804 756 (W.)

109 775 116 788 '
296 794 366 854 ces.
510 796 532 878 1

295 913 367 972 609.
520 915 530 970 1

812 678 841 736 2.
926 695 998 736 6116.
1013 677 1082 735 703.
1092 669 1261 758 (1160108.
1272 670 1429 756 (Β.-Κ.)8.
1440 670 1517 755 (W.)
1527 677 1556 734 9.

538 838 546 852 .
817 797 841 852 l.
1014 793 1084 853 704.
1235 796 1263 853 ὅ.
1407 797 1434 852 5.
1529 796 1557 851 ὀ.

539 955 546 969 .
813 913 841 970 c.
960 981 961 984 g
1014 913 1084 970 ros.
1213 911 1263 970 27.
1385 912 1435 970 16.
1507 911 1557 968 61.

816 1032 841 1088 l.
1014 1029 1084 1090 709.
1237 1028 1264 1087 7.
1408 1016 1436 1087 l.
1530 1027 1558 1086 7.

297 1148 367 1208 701.
816 1147 841 1204 1.
1015 1147 1084 1206 710.
1239 1149 1264 1204 1.
1412 1149 1437 1204 l.
1533 1147 1558 1204 1.

298 1266 368 1324 702.
523 1266 547 1322 1.
1045 1261 1059 1322 7
1215 1265 1266 1324 27.
1390 1264 1438 1322 19.
1531 1265 1559 1321 9.

320 1377 433 1463 Itaque
455 1376 585 1440 dimidio
605 1375 677 1458 plus
700 1397 809 1440 earnm
830 1376 1046 1458 epistularum,
1075 1377 1115 1441 de
1137 1397 1273 1461 quarum
1292 1383 1434 1458 tempore
1455 1375 1560 1460 alique

213 1496 307 1560 mode
328 1496 412 1558 inter
433 1495 576 1559 homines
597 1495 707 1559 doctos
728 1501 859 1572 constat,
882 1494 1069 1558 (1616666111
1088 1495 1179 1558 annis
1198 1497 1386 1572 70861709,
1407 1495 1561 1557 minorem

211 1619 336 1696 partem
357 1633 412 1676 eae
433 1611 581 1689 efficiunt,
599 1633 681 1696 quae
703 1633 720 1676 e
740 1611 892 1676 tredecim
914 1613 1005 1675 anuis
1027 1618 1192 1693 congestae
1213 1617 1297 1676 sunt.
1336 1612 1441 1696 Atque
1463 1632 1561 1696 quum

213 1730 324 1794 eadem
351 1728 415 1794 fere
436 1729 631 1814 reliquarum
652 1729 860 1810 epistularum
881 1721 934 1792 ad
948 1727 1021 1792 fam.
1044 1730 1182 1793 conditio
1204 1731 1254 1806 sit,
1284 1750 1419 1814 quarum
1441 1728 1561 1792 nullam

298 1029 367 1089 700.

701 796 725 852 l.

700 914 726 969 1.

699 1032 725 1087 1.

700 1148 724 1204 1.

212 1847 298 1912 ultre
320 1869 438 1912 annum
462 1851 522 1910 692
544 1845 704 1923 recedere,
733 1867 901 1923 annorum,
929 1848 983 1931 qui
1011 1846 1085 1912 huic
1107 1847 1242 1929 proximi
1267 1854 1355 1925 sunt,
1387 1868 1562 1929 perpaucas

212 1986 280 2030 esse
305 1965 454 2042 vidimus,
490 1964 546 2028 sed
575 1984 612 2028 6ο
640 1963 747 2046 plures
774 1985 837 2049 quo
865 1965 966 2046 magis
1002 1971 1143 2047 tempore
1173 1965 1420 2046 progrediamur,
1455 1973 1560 2029 tamen

213 2083 273 2148 hoc
309 2082 425 2146 idcirco
456 2102 599 2164 premere
633 2081 794 2159 nolumus,
831 2083 907 2167 quia
941 2082 1074 2147 16116666
1110 2083 1268 2167 quispiam
1299 2089 1478 2165 temporum
1513 2083 1561 2146 in-

213 2202 333 2283 gratius
372 2199 512 2265 tribucre
547 2200 660 2282 possit,
696 2199 781 2284 quod
819 2199 973 2282 epistulae
1009 2201 1150 2282 priorum
1178 2221 1333 2264 annorum
1369 2221 1562 2287 quamquam

214 2317 387 2403 aliquando
409 2339 472 2382 non
492 2319 596 2382 minus
617 2317 797 2401 frequentes
818 2317 943 2395 fuerint,
966 2339 1050 2381 nunc
1071 2319 1299 2383 desiderentur.
1336 2320 1442 2404 Atque
1457 2319 1562 2383 hercle

213 2437 274 2500 hoc
300 2435 454 2500 auxilium
479 2456 516 2500 eo
541 2435 692 2498 libentius
720 2435 925 2512 dimittimus,
954 2456 1017 2519 quo
1046 2437 1198 2499 maiorem
1225 2438 1288 2499 vim
1317 2438 1359 2500 ad
1385 2439 1467 2501 hanc
1496 2457 1562 2500 rem

215 2554 436 2619 illustrandam
457 2553 637 2617 testimonio
658 2553 757 2635 ipsius
776 2551 859 2615 Tulli
882 2552 1061 2631 tribuimus,
1085 2553 1169 2638 quod
1191 2561 1277 2619 16616
1293 2575 1344 2618 166
1366 2556 1429 2620 huc
1445 2555 1561 2619 referre

215 2693 311 2758 quam
336 2673 472 2736 maxime
499 2671 580 2737 1616.
622 2670 749 2735 Etenim
778 2692 877 2756 quum
906 2672 1043 2754 epistula
1072 2671 1206 2752 septima
1233 2671 1355 2736 decima
1382 2672 1455 2736 libri
1478 2671 1560 2738 XVI.

214 2790 256 2854 ad
277 2788 423 2854 Tironem
442 2791 519 2854 data
540 2790 666 2853 initium
687 2790 833 2884 capiate
854 2789 973 2854 verbis:
1005 2793 1103 2862 video,
1129 2792 1204 2872 quid
1225 2809 1319 2872 agos:
1343 2804 1413 2856 1666
1436 2811 1561 2874 quoque

215 2911 361 2990 epistulas
389 2911 435 2972 616
464 2910 579 2991 referri
601 2910 827 2972 1666166166.
872 2907 930 2970 Sed
951 2911 1026 2972 11666
1049 2921 1092 2980 lo,
1128 2911 1183 2990 qui
1205 2906 1312 2973 κανών
1334 2929 1397 2973 esse
1420 2927 1561 2972 insortam

214 3029 406 3108 scriptorum
426 3029 516 3098 66166,
537 3025 620 3088 uode
642 3027 718 3088 illud
739 3036 804 3088 1661
819 3016 950 3110 ἄκυρον,
974 3027 1165 3098 ‚autemdicit
1182 3027 1309 3109 fideliter
1324 3025 1562 3090 inseroieado‘i’

278 3141 397 3206 Paulus
419 3142 581 3206 Manutius
603 3141 663 3206 hoc
685 3141 861 3222 significare
880 3141 964 3206 mult:
986 3140 1110 3206 Tironis
1132 3142 1284 3225 epistulas
1306 3150 1373 3208 tam
1395 3144 1562 3225 diligenter

216 3263 350 3344 scriptas
377 3281 453 3338 esse,
485 3267 523 3324 nt
549 3281 665 3341 cupere
686 3259 830 3323 videatur
852 3281 905 3324 eas
932 3281 1058 3345 quoque
1079 3261 1113 3323 in
1134 3261 1294 3324 volumina
1314 3262 1433 3339 referri
1454 3261 1562 3324 Bruno

216 3378 509 3458 11616011616111.
533 3398 604 3460 pag.
630 3375 684 3464 ’19)
711 3377 922 3460 supplendum
949 3384 1072 3442 censet:
1107 3384 1144 3439 ut
1165 3398 1251 3442 meas
1272 3379 1424 3460 epistulas
1454 3381 1486 3441 in
1508 3399 1562 3442 16-

216 3496 337 3560 lumina
357 3496 467 3562 referri
487 3517 538 3560 me
560 3496 620 3559 scis
641 3495 745 3572 velle,¹
772 3515 874 3580 neque
890 3516 964 3559 vero
986 3495 1085 3573 addit,
1107 3517 1278 3580 quamnam
1298 3518 1426 3560 causam
1448 3497 1563 3563 horum

215 3615 384 3678 verborum
410 3603 505 3678 ¹fuisse
534 3613 652 3678 credat.
693 3612 755 3678 Sed
783 3634 899 3691 vereor,
928 3636 967 3679 ne
995 3635 1046 3691 ea,
1077 3635 1173 3698 quam
1194 3613 1356 3679 Manutius
1384 3617 1563 3698 suspicatur

216 3732 318 3808 161666,
340 3753 415 3796 1616
429 3753 492 3796 666
507 3733 558 3796 611.
598 3730 768 3796 Obscurior
789 3733 881 3810 enim,
901 3733 1076 3814 languider,
1098 3753 1138 3795 ne
1162 3731 1267 3796 dicam
1288 3734 1488 3814 arrogantior
1502 3735 1562 3796 iste

216 3857 303 3924 iocus
324 3856 414 3927 esset,
433 3869 530 3932 qnam
550 3856 588 3914 ut
610 3848 751 3914 Ciceroni
774 3849 871 3914 tribui
894 3857 1010 3933 posset.
1048 3848 1158 3933 Neque
1181 3850 1272 3926 enim,
1295 3856 1332 3912 ut
1353 3851 1457 3914 dicam
1476 3849 1562 3935 quod

217 3969 326 4046 sentio,
355 3966 551 4032 1666161116
571 3967 711 4049 intellegi
732 3975 912 4050 potuerunt,
941 3969 1001 4032 nisi
1022 3968 1215 4049 respicerent
1242 3967 1283 4030 ad
1307 3965 1430 4032 Tironis
1460 3989 1561 4053 quan-

218 4087 292 4150 dam
319 4085 495 4168 epistulam,
523 4087 557 4148 in
577 4106 641 4171 qua
675 4087 739 4148 iam
768 4085 808 4150 de
839 4085 982 4168 epistulis
1010 4085 1043 4147 in
1073 4085 1232 4148 volumina
1260 4083 1431 4149 referendis
1461 4106 1583 4150 sermo

218 4203 321 4268 fuerit.
366 4202 537 4285 Fingamus
564 4211 685 4281 autem,
716 4205 777 4268 nisi
803 4202 902 4281 fallor,
932 4223 1058 4268 necesse
1086 4210 1135 4267 est
1158 4202 1305 4266 Tironem
1333 4204 1562 4288 quaesivissee

219 4321 375 4406 Cicerone,
402 4342 479 4385 num
498 4323 533 4385 in
553 4321 767 4387 collectionem
789 4343 918 4386 suarum
940 4321 1148 4404 epistularum
1167 4320 1396 4385 instituendam
1417 4342 1470 4385 cas
1492 4329 1562 4384 166-

276 4522 298 4589 ¹)
324 4521 354 4574 F.
376 4522 485 4588 Moager
517 4520 635 4588 (Ciceros
660 4521 752 4576 Briefe
775 4523 862 4576 111616.
888 4523 992 4589 Stuttg.
1024 4523 1098 4576 1859.
1122 4521 1142 4573 Ι.
1170 4520 1214 4589 37)
1240 4519 1305 4575 inde
1330 4519 1468 4575 concludit
1496 4524 1562 4572 tunc

219 4606 349 4676 temporis
367 4606 505 4661 Ciceronis
527 4606 660 4675 epistulas
684 4607 741 4661 iam
767 4608 797 4660 in
817 4608 954 4662 volumius
978 4607 1106 4660 redactas
1130 4605 1223 4660 fuisse.
1243 4635 1276 4645 -
1294 4606 1430 4674 Leighton
1447 4620 1508 4673 pag.
1526 4604 1560 4656 39

220 4698 276 4746 not.
294 4695 328 4746 22
346 4692 480 4760 quaedam
498 4696 624 4759 annotat,
642 4708 711 4760 quae
729 4709 779 4762 ego
796 4709 851 4746 non
869 4693 1031 4761 intelligam.
