3586 5266
868 161 906 224 11

782 245 988 258 -fi—-n--u

222 425 398 504 disseruit,¹
424 425 582 492 laudatur.
623 425 698 504 Qui,
727 447 825 507 quum
852 448 891 491 ex
912 449 950 492 ea
969 427 1093 507 tabula,
1121 450 1217 510 quam
1239 435 1336 513 'supra
1356 439 1429 496 ante
1450 433 1555 497 oculos

221 545 394 626 posuimus,
422 543 556 609 alteram
577 565 734 626 quamque
755 551 879 626 partem
900 567 1007 610 earum
1029 548 1249 630 epistularum,
1273 569 1354 630 quae
1375 558 1484 614 contra
1505 573 1555 616 re-

222 663 327 744 gulam
348 663 517 745 dispositae
538 683 604 728 esse
625 663 798 741 videantur,
825 683 892 728 esse
912 665 1022 728 autin
1044 665 1133 730 libris
1155 667 1293 731 I.-XII.
1316 669 1471 750 colligant,
1500 677 1557 733 aut

222 783 254 845 in
284 782 373 846 libris
393 781 479 846 XIII.
502 788 534 846 et
556 781 622 858 XV,
651 781 744 846 huius
771 783 815 846 rei
844 783 1047 865 explicandae
1067 785 1116 848 vel
1138 786 1333 851 excusandae
1354 807 1450 851 unam
1471 787 1553 852 hanc
1578 845 1580 851 .

222 901 375 966 rationem
395 900 538 965 relictam
558 921 626 965 esse
647 907 782 978 censent,
803 908 841 965 ut
862 900 959 966 libros
980 901 1118 966 I.-XII.
1141 905 1278 987 primum
1292 926 1348 987 per
1364 925 1397 969 se
1411 906 1557 970 collectos

222 1020 255 1082 in
277 1019 418 1084 ordinem
440 1019 591 1097 redactos,
618 1018 793 1101 publicatos
814 1040 881 1084 esse
903 1026 1046 1096 statuant
1068 1028 1101 1084 et
1121 1029 1193 1104 post
1213 1041 1266 1086 eos
1288 1022 1388 1087 editos
1411 1021 1557 1087 Tironem

224 1175 262 1184 -—
285 1159 379 1218 quem
407 1136 559 1200 editorem
587 1159 653 1202 esse
679 1137 803 1215 volunt,
832 1159 869 1202 ac
890 1141 957 1202 iure
973 1126 1122 1220 quidem,
1150 1147 1186 1203 ut
1207 1140 1299 1204 modo
1321 1141 1496 1206 videbimus
1517 1179 1556 1188 —·

224 1262 359 1336 quatuor
384 1255 513 1320 ultimos
539 1255 637 1320 libros
663 1256 821 1320 addidisse
849 1277 888 1320 ex
917 1257 961 1322 eis
989 1257 1131 1340 epistulis
1157 1257 1229 1323 illos
1251 1261 1446 1341 compositos,
1477 1279 1558 1340 quae

191 1349 193 1356 .
223 1381 280 1439 aut
305 1374 433 1440 relictae
463 1381 566 1440 essent
595 1383 651 1440 aut
685 1382 756 1457 post
783 1375 903 1442 editum
930 1377 1019 1457 prius
1044 1397 1158 1459 corpus
1189 1378 1222 1440 in
1251 1379 1319 1442 eius
1344 1397 1456 1442 manus
1486 1399 1558 1460 per-

224 1493 388 1558 venissent.
435 1492 484 1572 (cf.
508 1493 672 1575 Leighton.
694 1493 715 1556 l.
738 1515 763 1557 o.
788 1514 858 1576 pag.
883 1499 943 1574 tt.)
1270 1571 1277 1585 ι

329 1611 375 1675 Ae
395 1613 532 1695 primum
553 1611 633 1676 liber
654 1611 737 1674 XIV.
758 1612 908 1695 epistulas
929 1612 971 1676 ad
993 1611 1179 1690 Terentiam,
1200 1611 1281 1678 liber
1302 1613 1385 1677 XVI.
1408 1613 1561 1696 epistulas

224 1731 266 1796 ad
288 1729 433 1796 Tironem
460 1731 559 1808 datas,
594 1730 728 1810 denique
755 1751 825 1794 eam
855 1738 978 1813 partem
1004 1731 1210 1814 epistularum
1240 1732 1456 1796 Tullianae-um
1487 1753 1560 1796 con-

225 1851 335 1928 tinent,
357 1870 453 1930 quam
475 1847 556 1926 Tiro,
583 1869 681 1930 quum
701 1856 807 1931 posset
827 1851 943 1931 partim
963 1849 1109 1915 facillime
1129 1853 1266 1933 assequi,
1294 1853 1411 1934 partim
1431 1853 1499 1933 ipse
1519 1849 1560 1914 ab

226 1969 315 2032 initio
342 1968 531 2050 possideret,
567 1967 675 2050 procul
710 1967 806 2032 dubio
842 1969 935 2033 simul
964 1989 1034 2034 oum
1068 1971 1172 2052 priore
1199 1971 1405 2053 epistularum
1432 1989 1561 2051 corpore

226 2088 367 2154 editurus
388 2085 483 2152 inisse
503 2087 663 2168 putandus
684 2094 741 2152 est.

330 2205 497 2270 Praeterea
522 2206 556 2269 in
584 2205 741 2288 prioribus
765 2205 857 2268 libris
880 2205 985 2269 nullae
1013 2205 1160 2288 leguntur
1189 2225 1290 2287 neque
1312 2206 1353 2270 ad
1375 2205 1561 2284 Terentiam,

226 2345 328 2407 neque
349 2325 391 2389 ad
406 2323 552 2388 Tironem
572 2324 672 2402 datae,
695 2323 811 2405 quibus
831 2323 889 2388 has
910 2335 1060 2408 tauquam
1080 2329 1326 2408 supptementum
1348 2325 1473 2390 additas
1495 2346 1562 2390 esse

227 2445 329 2509 dicere
350 2444 458 2526 possis.

332 2562 427 2641 Tum,
458 2563 513 2643 qui
545 2563 592 2625 ita
624 2561 766 2624 iudicant
792 2561 826 2624 in
853 2582 890 2626 eo
919 2562 1116 2643 potissimum
1141 2569 1274 2648 errant,
1301 2562 1386 2644 quod
1415 2568 1562 2625 naturam

226 2682 300 2746 libri
327 2680 412 2745 XIII.
443 2677 600 2761 cognItam
630 2699 693 2744 non
719 2679 838 2744 habent
867 2687 899 2743 et
929 2701 981 2743 eas
1009 2680 1162 2761 epistulas
1188 2687 1297 2744 contra
1321 2681 1475 2764 rationem
1497 2679 1562 2744 dis·

227 2802 346 2884 positas
367 2821 434 2864 esse
456 2804 591 2875 censent,
611 2810 691 2878 quae
712 2798 879 2880 partimin
899 2796 959 2862 hoc
976 2797 1057 2862 lituo
1076 2789 1242 2881 partimin
1259 2797 1389 2879 reliquis
1406 2797 1560 2880 leguntur,

227 2911 326 3001 quum
347 2939 399 2982 eos
420 2917 520 2998 fugiat
541 2915 812 2980 commendatitias
833 2915 983 2998 epistulas
1005 2916 1047 2979 ab
1067 2916 1188 2981 editore
1202 2916 1298 2982 huius
1313 2917 1451 2999 corporis
1469 2923 1563 2981 antea

228 3061 245 3102 e
266 3045 336 3102 tota
356 3035 563 3120 epistularum
583 3035 673 3117 copia
694 3035 811 3099 electas
827 3055 902 3113 esse,
926 3055 1023 3116 quam
1038 3034 1121 3099 ullae
1135 3035 1287 3118 epistulas
1301 3035 1404 3100 editae
1422 3035 1563 3098 tuerint.²

247 3156 250 3162 ’
328 3155 448 3220 Revera
475 3154 573 3235 igitur
603 3161 729 3235 praeter
750 3153 900 3236 epistulas
924 3153 961 3217 V.
988 3157 1005 3216 7
1027 3160 1061 3220 et
1081 3153 1150 3217 VII.
1176 3161 1270 3220 teas
1291 3161 1417 3219 tantum
1438 3159 1563 3236 praeter

228 3275 494 3357 exspectationem
514 3272 725 3354 transpositae
746 3279 827 3350 sunt,
849 3292 931 3353 qnae
951 3278 1041 3336 sunt:

358 3390 362 3402 '
475 3392 517 3456 ad
540 3389 681 3455 Cassium
702 3389 772 3454 XII.
800 3395 897 3454 1-12
1012 3395 1045 3454 et
1071 3388 1139 3452 XV.
1165 3397 1296 3458 lca-19.

489 3561 505 3588 „
543 3507 733 3573 Trebonium
753 3508 793 3572 X.
816 3513 855 3571 28
1024 3559 1040 3587 „
1074 3507 1141 3570 XV.
1165 3513 1207 3572 tt)
1226 3515 1259 3573 et
1281 3514 1331 3572 tl.

486 3679 502 3707 „
538 3627 581 3690 M.
603 3626 788 3690 Marcellum
810 3625 865 3690 IV.
888 3631 986 3689 7--11
1022 3677 1038 3705 „
1070 3625 1137 3690 XV.
1163 3633 1191 3690 9.

333 3746 415 3824 Quin
444 3747 539 3810 etiam
566 3745 761 3810 collocationi
788 3744 940 3827 epistulae
967 3744 1035 3809 XV.
1065 3751 1093 3807 9.
1123 3745 1260 3809 ΠίιιιὶωηΔ
1281 3745 1343 3808 vim
1375 3743 1563 3822 tribuerunt,

228 3866 405 3946 quicunque
433 3865 473 3929 de
501 3865 724 3946 compositione
749 3863 843 3927 huius
870 3864 1007 3945 corporis
1035 3868 1179 3944 egerunt,
1209 3883 1307 3944 quum
1328 3883 1391 3926 non
1413 3861 1563 3940 consulto,

228 3985 283 4048 sed
304 3983 387 4048 asili
409 4005 513 4048 errore
536 3981 653 4046 factum
675 4003 742 4047 esse
763 3981 841 4045 mihi
863 3981 990 4063 quidem
1004 4001 1189 4064 persuasum
1202 3983 1253 4060 sit,
1275 3987 1312 4044 ut
1333 3981 1411 4045 baec
1429 3981 1564 4063 epistula

227 4104 269 4168 ad
296 4103 333 4172 Μ.
365 4102 530 4167 Claudium
558 4101 743 4166 Marcellum
776 4101 853 4165 data
883 4101 1083 4183 copularetur
1119 4121 1191 4164 cum
1218 4101 1277 4178 eis,
1313 4121 1394 4181 quae
1422 4107 1496 4164 sunt
1523 4099 1567 4163 ad-

169 4248 173 4266 ·
230 4221 261 4292 C.
284 4219 449 4286 Claudium
470 4221 670 4285 Marcellum³
696 4217 778 4308 (XV.
797 4223 824 4282 7.
850 4225 877 4282 8.
905 4225 950 4282 10.
978 4221 1039 4305 11).
1084 4217 1175 4298 Quod
1197 4219 1223 4284 si
1245 4217 1425 4283 conceditur
1448 4217 1565 4282 librum

284 4408 306 4477 ¹)
333 4407 432 4462 Litter.
452 4407 599 4460 Centralbl.
620 4408 694 4462 1877.
732 4405 782 4458 No.
800 4405 843 4458 44.
861 4419 921 4472 pag.
942 4405 1016 4459 1478.

282 4511 306 4578 ²)
328 4499 369 4566 De
387 4511 440 4566 hac
458 4526 488 4564 re
505 4511 584 4566 modo
602 4509 759 4567 accuratius
778 4506 975 4575 disputabitur.

283 4615 307 4682 ⁸)
333 4615 365 4667 In
378 4615 435 4667 cod.
448 4613 519 4668 Med.
532 4614 678 4682 epistulam
692 4616 706 4667 7
719 4610 860 4680 praecedit
872 4626 951 4678 naria,
970 4614 1053 4678 atquo
1064 4627 1145 4678 quum
1156 4611 1223 4664 base
1238 4609 1274 4662 M.
1287 4608 1417 4662 Marcello
1430 4607 1564 4675 inscripta

228 4700 274 4768 sit,
298 4701 372 4759 idem
395 4715 559 4769 praenomen
582 4698 625 4754 illi
647 4700 794 4764 adbaeret3
828 4697 981 4752 Cratander
1006 4700 1081 4749 recte
1103 4697 1216 4763 praebet
1246 4697 1273 4750 O.
1293 4693 1422 4747 Marcello
1447 4709 1480 4746 ex
1503 4709 1564 4747 eon-
