3586 5266
827 152 1028 246 An--

298 411 435 476 Planci
456 412 495 476 X.
521 417 571 475 24.
593 435 622 478 a
644 413 675 478 d.
697 413 734 477 V.
759 413 830 478 Kal.
853 415 939 478 Sext.

220 592 222 596 ,
298 529 502 594 Ρ11111111
524 529 563 593 X.
586 535 637 594 32.
664 537 713 594 33.
742 533 871 597 ineunte
893 553 997 596 1111111
1018 530 1117 595 lunio.

360 648 503 733 Apparet
536 648 633 728 igitur
665 648 729 713 fere
759 671 867 714 omnes
901 649 1053 734 epistulas
1087 651 1229 734 proxime
1262 651 1409 716 accedere
1445 653 1488 716 ad
1523 652 1599 717 Idus

256 764 442 843 Quinctiles,
472 765 528 830 sed
558 766 617 830 hoc
645 768 779 831 termino
807 768 899 853 quasi
924 768 1040 830 recisas
1069 788 1151 843 esse,
1178 788 1273 832 unam
1305 789 1387 852 quae
1413 778 1486 853 post
1514 770 1599 835 hunc

255 882 420 945 terminum
444 882 521 946 data
542 891 591 948 est
613 882 664 963 (X.
688 890 742 963 34)
765 905 828 948 111
849 885 1008 950 Ciceronis
1028 905 1095 949 esse
1116 885 1172 948 sed
1192 883 1309 947 Planci.

304 979 307 984 r
357 997 478 1084 Itaque,
506 1001 661 1067 siverum
690 1008 739 1066 est
761 1001 939 1067 Ciceronem
967 1001 1134 1087 patefactis
1153 1001 1316 1065 Octaviani
1345 1001 1481 1065 consiliis
1503 1003 1597 1066 simul
1637 984 1643 993 ’

254 1135 324 1182 cum
352 1137 474 1183 summa
501 1139 560 1183 sua
587 1120 806 1205 desperatione
833 1121 954 1198 odium,
990 1120 1077 1205 quod
1103 1119 1214 1203 procul
1242 1118 1338 1182 dubio
1366 1119 1533 1182 maximum
1563 1120 1596 1181 in

252 1233 340 1300 illum
369 1237 564 1321 suscepisset
592 1236 708 1302 litteris
736 1238 778 1301 ad
805 1258 858 1302 eos
879 1237 970 1315 datis,
999 1239 1054 1322 qui
1082 1237 1211 1302 11111111
1235 1257 1360 1300 causam
1383 1244 1596 1320 sequerentur,

254 1352 500 1432 commendasse,
535 1354 614 1419 haec
641 1376 735 1420 causa
763 1360 825 1432 est,
862 1376 919 1418 cur
946 1353 1052 1418 nullae
1084 1354 1179 1418 huius
1209 1356 1361 1439 temporis
1390 1355 1494 1418 editae
1524 1355 1597 1418 sint.

253 1468 449 1554 Quamquam
480 1491 543 1536 non
571 1473 752 1553 ignoramus
779 1493 847 1538 esse
874 1473 959 1536 inter
985 1471 1137 1558 epistulas
1166 1472 1208 1535 ad
1234 1471 1277 1534 Μ.
1306 1471 1443 1535 Brutum
1473 1470 1509 1551 (l.
1539 1477 1597 1551 le),

253 1607 334 1671 quae
366 1588 394 1650 V.
421 1589 490 1656 1111.
513 1590 642 1656 Sextiles
671 1590 749 1655 data
772 1599 883 1655 contra
910 1589 993 1654 hano
1020 1589 1160 1670 regulam
1188 1588 1291 1654 faeere
1316 1590 1473 1667 videatur,
1503 1609 1597 1674 quam

252 1703 396 1770 Tironem
419 1706 480 1770 sibi
500 1707 686 1792 imposuisse
707 1711 884 1773 statuimus.
916 1707 1026 1793 Neque
1047 1715 1096 1772 est
1116 1729 1174 1791 per
1196 1728 1237 1784 se,
1259 1728 1316 1772 cur
1334 1709 1482 1772 miremur
1502 1727 1596 1770 unam

252 1823 433 1907 epistulam,
460 1845 557 1910 quum
580 1826 762 1890 innocenter
783 1834 815 1890 et
837 1828 902 1890 sine
922 1827 970 1890 ira
990 1827 1168 1910 conscripta
1189 1833 1285 1903 esset,
1315 1846 1505 1911 quamquam
1527 1832 1599 1909 post

252 1939 339 2006 illum
364 1943 532 2006 terminum
555 1943 632 2007 data
653 1951 743 2022 esset,
766 1945 798 2006 in
821 1943 980 2007 volumina
1001 1950 1158 2026 receptam
1180 1963 1256 2007 esse.
1306 1942 1389 2019 Quid
1411 1964 1492 2020 vero,
1514 1942 1598 2027 quod

252 2058 381 2123 candem
412 2059 494 2124 hanc
523 2061 689 2145 epistulam
719 2069 751 2126 et
778 2062 952 2146 proximam
984 2058 1066 2144 (17),
1103 2080 1197 2145 qnam
1227 2058 1334 2123 eodem
1364 2058 1429 2122 fere
1457 2066 1598 2144 tempore

253 2176 358 2240 datam
391 2197 458 2242 1111
479 2179 656 2258 credideris
688 2179 897 2264 Nipperdeius
919 2185 951 2242 et
973 2177 1165 2242 Schmidtius
1186 2215 1226 2224 —
1249 2183 1286 2240 ut
1307 2177 1431 2240 silentio
1454 2178 1596 2240 omittam

253 2294 372 2375 Anglos
400 2297 539 2373 criticos,
570 2298 625 2380 qui
653 2319 761 2361 omnes
782 2298 917 2361 duorum
938 2296 1053 2360 horum
1074 2295 1227 2360 librorum
1249 2295 1401 2379 epistulas
1423 2294 1598 2358 subdititiae

254 2432 323 2476 esse
344 2413 511 2477 voluerunt
539 2451 578 2460 -
605 2421 771 2499 tantopere
793 2421 826 2478 et
852 2435 872 2478 a
893 2415 1052 2478 Ciceronis
1079 2421 1112 2477 et
1132 2412 1231 2477 Bruti¹
1251 2413 1375 2476 dicendi
1404 2419 1500 2496 atque
1528 2433 1598 2476 111-

253 2529 352 2593 tiendi
379 2531 502 2595 ratione
532 2539 564 2596 et
585 2553 606 2595 a
625 2531 836 2616 temporibus,
865 2530 948 2617 quae
965 2538 1041 2595 tunc
1061 2537 1165 2608 erant,
1193 2530 1365 2594 abhorrere
1390 2531 1596 2605 consentiunt,

253 2655 289 2711 ut
312 2649 392 2712 duas
413 2648 472 2714 has
491 2650 642 2734 epistulas
664 2672 703 2714 ex
724 2672 760 2716 eo
781 2651 896 2716 iudicio
917 2649 1085 2734 excipiant,
1106 2670 1169 2734 quo
1186 2649 1325 2733 reliquas
1341 2648 1383 2712 ad
1401 2647 1444 2710 M.
1460 2646 1594 2711 Brutum

255 2767 406 2846 genuinas
437 2789 504 2833 esse
532 2775 728 2848 statuerunt,
756 2777 852 2854 atque
882 2769 934 2834 hic
962 2768 1088 2854 quidem
1118 2768 1284 2834 maximam
1311 2773 1434 2850 partem
1457 2765 1598 2830 luculen-

253 2884 372 2948 tissime
400 2885 649 2951 demonstravit?
693 2885 772 2950 Nam
805 2909 900 2972 quum
930 2889 962 2949 in
985 2907 1022 2950 ea
1043 2887 1320 2962 commentatione,
1349 2905 1442 2970 quam
1472 2884 1512 2950 de
1532 2886 1598 2969 epi·

253 3000 344 3064 stalis
373 3009 406 3066 et
433 3023 453 3066 a
476 3002 582 3069 Cassio
608 3011 640 3067 11
667 3004 709 3067 ad
732 3003 872 3072 (11111111
900 2986 985 3068 (11111
1008 3003 1159 3066 Brutinas
1188 3003 1247 3066 has
1270 3002 1423 3086 epistulas
1449 3002 1598 3066 extremis

253 3119 392 3204 quinque
413 3119 487 3182 libri
508 3121 602 3204 primi
624 3122 764 3205 exceptis
785 3141 853 3184 cum
875 3120 963 3185 Cassi
984 3128 1089 3206 atque,
1118 3119 1174 3184 ubi
1195 3141 1254 3204 par
1275 3127 1351 3197 erat,
1374 3139 1443 3183 cum
1464 3119 1596 3184 aliorum
1637 3139 1639 3142 ·

252 3236 429 3321 aequalium
462 3237 605 3323 epistulis
632 3259 726 3323 qnam
755 3240 988 3304 accuratissime
1016 3236 1186 3314 conferret,
1213 3243 1337 3321 tempus
1366 3257 1429 3322 quo
1456 3235 1597 3317 singulae

253 3354 348 3418 datae
384 3357 461 3433 sint,
496 3356 651 3438 sagaciter
684 3356 826 3430 definivit
860 3357 1028 3439 docuitque
1063 3355 1262 3436 gravissimas
1296 3352 1482 3418 offensiones
1518 3373 1598 3437 quas

254 3473 354 3536 1111111
376 3473 469 3554 Angli
498 3475 532 3536 11
562 3473 613 3538 his
643 3474 786 3558 epistulis
806 3473 866 3538 sibi
894 3473 1049 3538 invenisse
1070 3473 1129 3538 visi
1149 3472 1221 3550 sint,
1243 3493 1263 3535 a
1285 3469 1318 3534 O.
1342 3470 1393 3534 Fr.
1416 3470 1597 3536 Hermanno

253 3592 285 3654 in
316 3591 417 3656 medio
445 3592 588 3670 relictos,
620 3591 790 3660 dummodo
823 3598 910 3658 recta
938 3591 1114 3673 corrigendi
1140 3591 1222 3657 ratio
1251 3589 1455 3667 adhibeatur,
1491 3590 1598 3653 irritas

256 3709 387 3772 evadere
408 3715 504 3794 atque
527 3697 719 3774 evanescere.
745 3709 964 3795 ¹Reliquarum
992 3709 1196 3794 epistularum
1219 3707 1340 3791 priores
1361 3714 1426 3771 tres
1448 3709 1599 3789 genuinos

254 3825 314 3889 sibi
337 3826 444 3906 videri,
464 3834 621 3892 extremas
642 3830 766 3914 spurias
788 3829 865 3894 satis
887 3827 1001 3892 habuit
1022 3827 1185 3892 indicasse.
1223 3825 1328 3910 Atque
1348 3824 1427 3890 haec
1442 3826 1599 3888 sententia

254 3945 312 4021 eis,
341 3964 422 4029 quae
451 3946 490 4010 de
519 3947 653 4011 termino
675 3939 775 4032 'atque
806 3945 868 4009 fine
897 3944 1042 4010 omnibus
1069 3942 1212 4028 epistulis
1236 3942 1422 4008 Tironianae
1453 3942 1599 4009 editionis

255 4064 410 4126 coinmuni
426 4062 664 4148 disputavimus
686 4062 909 4148 comprobatur
926 4068 1022 4147 atque
1038 4061 1227 4126 illustratur.
1255 4059 1351 4123 Recte
1366 4061 1448 4124 enim
1463 4058 1599 4144 Nipper-

255 4178 326 4244 deio
360 4188 488 4245 auctore
521 4181 650 4245 eandem
680 4182 815 4248 omnium
853 4180 1058 4264 epistularum
1088 4179 1295 4245 conditionem
1322 4177 1418 4246 1111111
1444 4184 1539 4258 negat
1567 4183 1599 4240 et

255 4318 353 4381 quum
379 4297 520 4362 homines
549 4298 634 4362 docti
663 4299 777 4383 prioris
805 4300 920 4362 aetatis
949 4305 1078 4369 cunctas
1106 4296 1257 4382 epistulas
1286 4303 1343 4359 aut
1371 4297 1522 4378 genuinas
1543 4302 1599 4358 aut

255 4416 380 4499 spurias
400 4437 467 4480 esse
488 4415 705 4494 affirmassent,
736 4416 867 4480 mediam
891 4417 972 4480 viam
1000 4417 1159 4496 ingressus
1179 4420 1235 4491 est,
1264 4435 1328 4500 qua
1350 4435 1414 4477 una
1434 4414 1476 4477 ad
1505 4414 1597 4477 finem

255 4534 418 4618 pervenire
446 4553 621 4617 possumus.
672 4533 798 4600 Etenim
826 4534 983 4620 quomodo
1008 4532 1126 4598 factum
1155 4533 1211 4610 sit,
1239 4539 1276 4596 ut
1303 4533 1374 4617 quis
1402 4531 1554 4616 epistulas
1582 4553 1599 4595 e

256 4672 312 4716 suo
339 4652 462 4734 ingenio
490 4652 580 4716 fictas
606 4653 751 4730 adderet,
788 4651 934 4715 facillime
970 4651 1165 4733 intelligitur,
1203 4658 1373 4734 postquam
1400 4650 1600 4732 cognovimus
