3586 5266
873 137 910 197 31

793 220 997 230 ·—-——=

224 398 332 461 iecisse
353 395 474 461 ferunt¹
500 400 693 462 laudandum
717 401 951 472 edritescente‘rn,
975 403 1165 474 ornorsdum,
1186 402 1353 464 tollendum
1377 419 1507 483 prorsus
1529 420 1568 462 ex

225 515 291 579 eius
314 516 418 579 anirno
437 515 555 578 dictum
579 522 637 579 est.
681 514 774 580 Unde
795 523 900 581 autern
927 524 1056 602 apertae
1081 518 1262 582 inimicitiae
1284 515 1368 580 Tulli
1396 523 1428 580 et
1458 516 1568 580 Octavi

224 634 348 697 initium
375 634 516 718 ceperint
541 634 683 714 cognosci
711 633 849 698 arbitror
878 633 1047 699 eSuetoui
1074 633 1178 699 verbis
1207 635 1285 699 haec
1315 635 1481 698 memoriae
1502 642 1568 697 tra-

225 752 346 816 dentis:
370 752 437 830 (vit.
451 750 573 814 Octavii
595 750 649 836 06)
674 752 1046 817 Corssutetumntcesimo
1070 773 1155 816 enno
1178 755 1290 816 irruerit
1314 749 1492 839 (Octavius)
1510 753 1569 815 ed-

226 873 317 934 motis
340 872 491 933 nostiliter
511 871 552 933 ed
573 871 681 933 urbem
705 872 887 949 legionibus,
917 873 1088 952 censuque,
1111 872 1166 952 qui
1187 872 1246 934 siti
1268 874 1392 934 tremine
1414 872 1569 933 eaereitus

226 989 441 1069 deposcerem
476 1007 547 1050 cum
582 988 703 1068 quidem
734 998 897 1050 cunctante
924 999 1035 1051 secretu
1066 986 1228 1052 Cornelius
1256 990 1397 1076 centurio
1425 990 1568 1068 princeps

226 1107 387 1186 {egestionis
410 1108 521 1168 reiecto
545 1107 655 1184 sagulo
678 1106 840 1168 osteudens
863 1106 957 1186 gladii
979 1109 1125 1187 capulum
1149 1125 1212 1168 non
1233 1107 1401 1168 dubitasset
1425 1107 1457 1166 in
1480 1106 1570 1166 cteris

225 1226 343 1286 dicere:
373 1225 420 1286 tic
446 1225 549 1304 faciet,
576 1223 604 1284 si
631 1240 687 1285 cos
714 1242 779 1285 non
806 1224 951 1305 feceritis.
994 1221 1044 1284 Ad
1073 1221 1154 1284 hanc
1183 1242 1247 1285 rem
1271 1220 1405 1284 Plancus
1434 1221 1570 1304 respicit,

226 1361 323 1425 quum
352 1339 430 1404 dicit
459 1338 513 1421 (ad
534 1337 607 1402 ianr.
629 1336 669 1400 X.
692 1343 741 1401 24.
764 1336 815 1424 4):
855 1360 953 1421 neque
982 1343 1029 1403 itte
1058 1338 1199 1419 (Caesar)
1222 1343 1384 1403 intercessit
1407 1343 1570 1423 offirmare

226 1479 257 1522 sc
286 1461 351 1521 sine
379 1477 471 1520 sucro
495 1459 609 1529 certine,
638 1476 735 1538 qucum
760 1459 882 1521 interim
905 1477 1051 1521 euersum
1073 1459 1159 1521 ittam
1180 1459 1220 1519 ct
1243 1461 1301 1520 tue
1322 1459 1508 1537 cogitatione
1529 1457 1571 1520 ad

226 1578 288 1640 otio
318 1577 447 1639 contritio
476 1575 563 1638 uideo
587 1594 618 1637 se
641 1577 805 1638 contulisse
828 1581 860 1638 et
891 1576 911 1653 ἕ
936 1579 972 1636 6:
1014 1573 1105 1650 Oeace
1131 1593 1216 1638 triens
1240 1595 1320 1645 eum,
1348 1587 1404 1637 eut
1433 1593 1570 1655 quietum

227 1695 371 1763 circuitio,
401 1713 421 1754 u
447 1701 535 1755 tcntc
557 1693 674 1772 gloria,
703 1694 761 1755 sibi
781 1712 855 1756 cero
878 1694 969 1756 etium
992 1695 1169 1756 necessario
1191 1711 1228 1756 cc
1249 1694 1399 1766 solutari,
1427 1691 1570 1755 evocarit

227 1821 253 1873 et
275 1811 317 1872 od
339 1812 558 1890 ctrgitotionem
580 1812 762 1873 consulatus
787 1810 937 1872 tintestris
967 1830 1090 1874 summo
1123 1829 1193 1872 curn
1218 1821 1337 1874 terrare
1360 1812 1521 1873 totuinum
1544 1818 1570 1871 et

227 1931 347 1991 insulsa
369 1947 440 1990 cum
462 1928 686 2009 efflagitatione
707 1930 910 2001 transtulerit,
933 1939 1087 2008 exputare
1109 1949 1176 1991 nort
1197 1947 1336 2008 poscitur,
1380 1925 1568 2009 Inscriptum

227 2053 275 2109 est
301 2043 455 2129 epistulae
483 2045 567 2110 rurde
595 2043 673 2108 haec
700 2045 868 2128 desumpta
896 2051 971 2107 sunt
1002 2045 1031 2104 t.
1061 2045 1128 2110 tter
1157 2045 1240 2109 Sext.
1271 2042 1363 2130 (ttt)
1392 2066 1433 2110 ea
1461 2047 1570 2107 eastris

229 2163 283 2241 (ad
309 2161 427 2227 Isaram
455 2161 615 2240 flumeu2),
646 2169 780 2247 apparet
806 2169 910 2226 autem
943 2162 1086 2226 ererbis
1112 2165 1233 2228 insulse
1256 2183 1328 2227 cum
1349 2164 1572 2246 efflagitatione

228 2281 386 2358 Plancum,
415 2281 489 2344 dum
521 2279 599 2349 haec
626 2280 787 2363 scripserit
813 2301 876 2344 uon
905 2279 1004 2343 solum
1032 2279 1072 2344 de
1095 2279 1205 2345 Octavi
1227 2279 1369 2358 consilio,
1398 2278 1569 2343 sedetiam

228 2400 267 2464 de
289 2399 422 2464 andacia
442 2399 629 2462 instructum
653 2397 755 2475 luisse,
777 2419 842 2483 qua
862 2397 959 2479 legati
980 2399 1047 2462 eius
1061 2397 1179 2462 Romae
1195 2399 1244 2462 usi
1268 2405 1381 2462 essent.
1418 2396 1570 2474 Quoniam

228 2539 301 2582 vero
320 2517 485 2582 tabellario
507 2516 629 2580 adhoc
649 2517 711 2580 iter
731 2515 955 2581 conficiendum
974 2536 1036 2580 non
1056 2517 1157 2580 minus
1179 2516 1435 2601 quatuordecim³
1457 2513 1569 2578 diebus

229 2657 307 2721 opus
328 2641 411 2712 erat,
441 2635 542 2720 pridie
564 2634 640 2698 Idus
663 2633 850 2711 Quinctiles,
879 2634 928 2698 vel
950 2633 1044 2718 paulo
1064 2641 1158 2698 antea
1181 2634 1344 2698 Octaviani
1366 2634 1486 2714 legatos
1506 2639 1570 2696 tam

229 2754 379 2818 atrociter
398 2755 431 2815 in
453 2754 541 2817 curia
562 2753 662 2834 egisse
682 2752 865 2833 colligimus.
904 2751 1003 2829 Quam
1027 2752 1069 2815 ad
1091 2751 1359 2816 ratiocinationem
1375 2752 1570 2836 aptissimum

230 2879 286 2950 est,
314 2872 401 2957 quod
428 2873 462 2934 in
492 2871 552 2934 hoc
571 2892 685 2956 corpus
706 2869 795 2934 nulla
819 2869 977 2934 Ciceronis
997 2869 1135 2954 epistula
1154 2875 1282 2954 recepta
1301 2876 1357 2947 est,
1386 2890 1467 2955 quae
1489 2869 1573 2932 hune

209 2977 397 3055 'terminum
423 2989 686 3071 transgmdiatur.
728 2987 808 3053 Nam
837 2989 864 3052 si
893 2995 1017 3074 tempus
1044 3008 1151 3052 earum
1174 2988 1388 3072 epistularum,
1416 3008 1498 3072 quae
1519 3008 1573 3050 ex·

230 3115 349 3174 tremas
370 3115 453 3186 sumt,
473 3108 694 3192 componimus
715 3107 809 3171 datae
832 3113 922 3170 sunt:

272 3212 426 3306 Planco
445 3241 484 3304 X.
510 3247 559 3304 20.
581 3242 708 3304 ineunte
731 3261 771 3304 m.
795 3239 920 3316 Quirrct.
943 3261 985 3303 cr.
1008 3261 1036 3303 a.
1059 3241 1089 3302 d.
1111 3238 1148 3301 V.
1170 3238 1257 3302 lde.

273 3361 424 3424 Furnio
444 3359 483 3422 X.
506 3365 556 3422 ⁶24.
579 3366 712 3423 exeunte
737 3358 887 3424 inlunio
909 3359 974 3422 sive
996 3359 1123 3422 Ineunte
1147 3356 1272 3434 Quinet.

274 3480 403 3564 Appio
422 3477 461 3540 X.
486 3483 535 3540 29.
559 3477 661 3562 pridie
682 3475 762 3540 Non.
785 3476 911 3553 Quinct.

274 3596 312 3659 D.
334 3595 458 3660 Bruto
481 3595 535 3659 XI.
556 3602 602 3658 ts.
626 3616 668 3660 cr.
691 3617 720 3658 a.
736 3595 767 3658 d.
784 3593 821 3658 V.
843 3593 890 3656 Id.
915 3593 1039 3671 Quinct.
1064 3591 1116 3676 (cf.
1140 3591 1238 3657 Nake.
1261 3591 1367 3656 lahrb.
1391 3611 1462 3676 pag.
1486 3592 1577 3670 660).

273 3714 397 3778 Matio
419 3713 474 3776 XI.
499 3719 548 3776 nt.
571 3712 609 3776 V.
632 3713 703 3777 Kal.
725 3711 795 3776 Iun.

274 3831 308 3895 C.
330 3831 468 3896 Cassio
493 3831 563 3894 XII.
589 3838 635 3894 10.
657 3831 753 3916 paulo
775 3837 848 3916 post
867 3829 969 3914 pridie
992 3827 1061 3891 Kal.
1087 3827 1212 3905 Quinct.

276 3949 506 4014 Cornificio
528 3947 598 4012 XII.
622 3955 672 4012 30.
696 3955 830 4014 exeunte
853 3970 892 4011 m.
915 3946 1008 4024 Maio.

289 4190 310 4252 ¹)
331 4185 366 4238 ad
384 4185 448 4240 lem.
466 4186 512 4239 XI.
531 4188 573 4241 20.
595 4188 617 4238 1.

287 4291 311 4360 ²)
336 4289 422 4344 Neke.
441 4289 551 4356 ¹Progr.
569 4304 630 4358 pag.
649 4289 691 4344 38.

288 4394 311 4461 ⁸)
335 4394 392 4447 Ioh.
415 4393 449 4446 de
474 4391 586 4446 Gruber.
610 4392 627 4446 l.
653 4408 675 4445 c.
699 4406 760 4458 pag.
784 4389 819 4444 35
842 4391 872 4442 et
889 4386 976 4440 Noke.
1000 4387 1091 4454 Progr.
1110 4401 1171 4454 pag.
1190 4387 1205 4439 t
1224 4382 1378 4453 quindecim
1403 4379 1460 4432 lere
1478 4376 1574 4431 diebus

232 4476 365 4545 epistulas
383 4479 470 4532 Roma
487 4477 517 4530 in
534 4477 630 4531 Planci
647 4481 740 4530 castra
757 4475 879 4544 perlatas
899 4487 958 4525 esse
976 4473 1082 4525 docent.

287 4582 311 4649 ⁴)
336 4586 398 4649 post
415 4579 510 4634 Planci
527 4584 556 4634 et
574 4580 656 4635 Bruti
673 4575 892 4633 coniunctionem
910 4591 946 4628 cr.
964 4590 989 4628 a.
1006 4574 1033 4628 d.
1047 4573 1092 4627 XI.
1111 4573 1172 4626 Kal.
1188 4571 1296 4640 Quinct.
1314 4570 1419 4623 factam
1438 4565 1482 4631 tcf.
1497 4561 1575 4616 Neke

233 4666 323 4720 Iehrb.
340 4682 401 4734 pag.
420 4668 489 4733 663).
