3586 5266
900 142 939 200 23

248 398 392 464 absoluto
421 408 453 464 et
481 401 521 466 ob
543 423 612 466 eam
634 424 703 467 rem
724 425 796 470 eum
817 405 947 490 reliquis
969 405 1077 470 elecem
1098 405 1242 491 epistulis
1263 405 1305 470 ad
1327 407 1462 472 eundem
1484 405 1595 471 Corni-

252 517 359 582 ficium
379 519 463 582 datis
485 519 656 604 copulasse.
1392 499 1398 504 .

353 635 411 700 His
432 636 586 702 absolutis
605 639 806 720 aggredimur
826 661 897 703 eam
918 641 1141 724 quaestionem,
1163 661 1259 725 quam
1280 641 1497 706 indicavimus.

354 752 495 818 Titulum
522 757 564 820 ud
595 760 777 840 familiares,
807 779 869 842 quo
899 779 956 822 nos
984 758 1043 824 has
1065 758 1217 844 epistulas
1239 780 1350 824 vocare
1371 761 1595 837 consuevimus

247 872 429 936 recentioris
450 874 565 938 astans
586 895 654 940 esse
671 876 748 939 satis
763 882 912 954 constat,¹
933 897 1034 960 neque
1058 878 1142 940 enim
1164 878 1196 941 in
1217 877 1323 941 codiee
1339 877 1478 964 Medieeo
1493 899 1595 962 neque

247 990 280 1051 in
301 988 475 1053 Turonensi
496 997 553 1054 aut
575 1013 688 1056 nomen
711 993 856 1058 omnibus
879 993 961 1058 XVI.
984 993 1075 1058 libris
1097 1016 1261 1060 commune
1284 1003 1341 1059 aut
1361 996 1483 1058 numeri
1505 995 1595 1060 libris

248 1108 391 1192 inscripti
419 1107 599 1188 traduntur,
636 1111 720 1173 unde
748 1110 893 1194 colligere
920 1113 1076 1196 possimus
1103 1111 1162 1176 hcc
1191 1133 1305 1196 corpus
1334 1112 1452 1177 eisdem
1478 1113 1595 1179 finibus

247 1225 423 1308 antiquitus
458 1227 729 1311 circumscriptum
761 1235 793 1292 et
827 1230 981 1293 librorum
1017 1231 1130 1294 seriem
1166 1251 1289 1315 semper
1321 1231 1454 1295 aolidem
1489 1231 1593 1296 fuisse

248 1341 366 1406 Verum
394 1343 420 1406 si
450 1342 491 1407 ab
518 1344 563 1408 eis
585 1344 755 1424 indicibus,
785 1368 866 1430 quae
888 1349 920 1410 iu
942 1355 1077 1432 utroque
1100 1348 1205 1412 codice
1227 1348 1387 1432 plerisque
1408 1349 1498 1414 libris
1519 1349 1594 1414 sub-

249 1461 383 1544 scriptae
406 1467 487 1538 sunt,
516 1482 553 1526 ea
575 1463 793 1547 praecidimus,
823 1487 904 1550 quae
925 1465 1152 1530 monachorum
1173 1487 1301 1551 operam
1323 1488 1400 1547 prae
1425 1487 1458 1530 se
1481 1466 1594 1544 ferunt,

223 1567 331 1642 ¹idem
367 1578 521 1643 librorum
553 1580 650 1644 index
678 1581 875 1666 relinquitur,
912 1604 976 1667 quo
1004 1585 1152 1667 antiquos
1179 1586 1401 1664 grammaticos
1426 1605 1499 1648 usos
1527 1606 1594 1650 esse

251 1704 383 1760 constat.
438 1695 520 1762 Nam
557 1719 655 1782 quum
684 1699 743 1762 sub
771 1700 853 1764 libro
880 1702 983 1784 primo
1011 1700 1150 1782 legatur:
1188 1675 1292 1766 Murci
1325 1701 1406 1766 Tulli
1437 1701 1594 1768 Ciceronis

249 1817 455 1896 epistularum
487 1818 529 1879 uel
559 1815 646 1884 Pull.
682 1817 846 1882 lentulum
882 1821 1023 1899 amplicit,
1055 1821 1162 1900 incipit
1197 1821 1332 1882 eiusdem
1366 1821 1407 1884 ad
1436 1823 1593 1884 consiliam

251 1931 417 1996 Curionem
455 1935 584 2015 feliciter
611 1932 696 1998 hunc
731 1933 848 1998 librum
878 1938 919 2000 ml
951 1937 1114 2000 Leeelulum
1145 1935 1317 2000 secundnm
1345 1939 1385 2000 ud
1416 1936 1594 2011 Curionem,

248 2048 386 2134 reliquos
407 2049 553 2134 deinceps
579 2051 752 2115 seeundum
773 2054 839 2117 eius
860 2074 974 2117 nomen
996 2060 1121 2118 notatos
1142 2074 1209 2117 esse
1230 2060 1379 2137 apparet,
1409 2055 1492 2120 unde
1513 2054 1594 2119 liber

248 2167 373 2230 initium
400 2169 492 2253 cepit.
538 2169 635 2246 Quid,
666 2169 752 2253 quod
781 2171 814 2232 iu
842 2172 911 2256 ipso
932 2171 1072 2235 Mediceo
1093 2172 1216 2256 antiqui
1245 2171 1279 2234 hi
1299 2170 1419 2236 indices
1439 2170 1591 2236 librorum

250 2285 300 2362 XI,
324 2284 391 2361 XII,
415 2284 496 2363 XIII,
521 2286 585 2364 XV,
610 2286 682 2350 XVI
702 2294 788 2352 recte
809 2289 1027 2386 traduntur?²

353 2401 401 2465 Ne
420 2402 480 2466 hoc
501 2404 628 2488 quidem
650 2426 780 2488 prorsus
799 2427 908 2470 verum
930 2413 979 2470 est
1006 2405 1294 2492 praestantissimos
1316 2406 1437 2470 codices
1459 2427 1589 2472 numero

248 2541 284 2584 ac
312 2521 392 2584 serie
421 2519 575 2584 librorum
603 2523 686 2586 inter
715 2543 748 2587 se
776 2543 960 2605 congruere,
989 2545 1088 2609 quum
1110 2523 1301 2588 Turonensis
1327 2523 1425 2588 libros
1446 2523 1594 2602 I—VIII,

249 2637 438 2702 Harleianus
461 2639 616 2704 secundus
637 2639 735 2705 libros
758 2640 924 2718 l—VIIL³
951 2641 1140 2706 Harleianus
1161 2643 1283 2727 primus
1304 2641 1402 2706 libros
1424 2641 1594 2719 IX-XVL

248 2757 437 2821 contineant.
480 2757 517 2820 ln
547 2758 687 2822 Mediceo
713 2779 802 2835 vare,
834 2779 1026 2843 quamquam
1053 2757 1152 2822 libros
1180 2779 1217 2822 eo
1245 2760 1355 2823 ordine
1384 2758 1497 2836 tradit,
1531 2780 1594 2844 quo

247 2895 330 2937 nune
352 2874 445 2956 vulgo
466 2875 623 2957 leguntur,
644 2883 752 2940 tamen
772 2876 855 2939 libro
871 2875 926 2940 IX.
946 2877 1133 2961 inscriptum
1155 2883 1204 2940 est
1225 2878 1274 2940 lib.
1291 2877 1335 2949 Ι,4
1360 2898 1458 2961 quum
1479 2877 1593 2961 reliqui

247 2990 321 3054 libri
342 2993 408 3056 sine
429 3013 560 3058 numero
582 2995 654 3070 sint,
676 2995 723 3057 ita
737 3001 774 3057 ut
797 3001 951 3078 appareat
971 2995 1005 3056 in
1027 2993 1198 3078 archetypo
1215 2992 1347 3057 Medicei
1369 2994 1480 3057 eodem
1499 2994 1594 3058 modo

247 3109 345 3174 libros
381 3111 550 3194 bipertitos
584 3111 694 3189 fixisse,
732 3119 769 3176 ut
796 3112 898 3176 altera
926 3133 1000 3196 pars
1030 3111 1128 3176 libros
1154 3111 1170 3174 l
1194 3149 1224 3159 -
1238 3110 1327 3189 VIII,
1367 3111 1467 3175 altera
1496 3111 1594 3174 libros

247 3225 291 3288 IX
312 3267 348 3274 -
370 3227 453 3293 XVI.
484 3228 752 3314 complecteretur,
787 3231 943 3294 incertum
972 3237 1079 3293 autem
1107 3230 1164 3307 sit,
1201 3237 1307 3294 utram
1333 3230 1471 3314 priorem
1498 3227 1594 3292 furisse

247 3345 419 3410 credamus.
462 3345 530 3410 lam
558 3367 631 3412 vero
657 3348 812 3432 siquidem
840 3346 897 3412 Ch.
921 3346 1044 3411 Thurot
1071 3353 1103 3411 et
1125 3346 1177 3410 Fr.
1199 3346 1302 3411 Ruehl
1331 3354 1417 3412 recte
1445 3353 1592 3410 statuunt

247 3484 348 3548 neque
371 3463 585 3529 Turoneusem
611 3487 713 3550 neque
742 3465 948 3530 Harleianum
977 3471 1035 3529 aut
1064 3465 1202 3549 primum
1229 3471 1286 3529 aut
1315 3464 1488 3530 secundum
1515 3485 1593 3548 pen-

247 3581 321 3645 dere
343 3603 362 3645 a
384 3580 531 3661 MediceO,
560 3584 616 3647 sed
636 3573 829 3665 exemplaria
850 3604 918 3646 esse
939 3605 978 3645 ex
1004 3583 1177 3665 archetypo
1198 3582 1331 3648 Medicei
1353 3583 1456 3658 ducta,
1489 3581 1536 3644 ita
1557 3588 1594 3644 ut
1657 3614 1659 3618 ·

247 3719 356 3764 omnes
377 3699 451 3764 libri
473 3702 688 3785 manuscripti,
710 3701 826 3785 quibus
846 3699 1000 3784 epistulae
1021 3701 1064 3763 ad
1082 3699 1154 3764 fam.
1170 3701 1339 3764 memoriae
1356 3699 1494 3764 traditae
1511 3705 1593 3775 sunt,

247 3818 338 3900 quasi
366 3817 407 3881 ab
436 3839 499 3882 uno
528 3825 659 3902 parente
688 3819 840 3899 originem
869 3817 1014 3895 trahant,
1051 3839 1068 3881 e
1097 3817 1216 3881 tradito
1245 3817 1354 3881 ordine
1386 3817 1539 3881 librorum
1560 3817 1594 3878 in
1641 3875 1651 3887 ,

249 3933 393 3999 omnibus
417 3935 575 4000 codicibus
604 3935 835 4020 quodammodo
863 3935 1076 4000 consentiente
1103 3934 1182 3997 nihil
1205 3934 1307 4015 colligi
1340 3955 1432 4020 posse
1452 3941 1594 4018 apparet,
1684 3969 1686 3977 ι

248 4053 309 4117 nisi
330 4052 415 4117 hunc
438 4052 593 4118 librorum
614 4053 756 4118 ordinem
778 4055 811 4118 in
832 4075 895 4118 nno
916 4053 976 4118 hoc
997 4051 1169 4138 archetypo
1190 4051 1296 4116 iiiisse.

307 4273 329 4337 ¹)
355 4269 500 4323 Holmann.
518 4271 535 4324 l.
552 4286 573 4324 e.
592 4286 653 4338 pag.
668 4269 727 4336 VH,
745 4267 882 4337 Laighton
898 4269 916 4321 l.
934 4286 956 4322 c.
974 4284 1035 4337 pag.
1054 4270 1095 4322 15.

305 4376 329 4438 ²)
355 4373 390 4426 cl.
407 4374 449 4426 ed.
467 4372 574 4426 Baiteri
592 4375 641 4428 vol.
659 4374 705 4426 IX.
724 4374 787 4426 adn.
808 4371 883 4425 crit:
913 4372 948 4424 ad
971 4372 1035 4425 Dec.
1052 4373 1177 4437 Brutum,
1201 4371 1236 4423 ad
1256 4370 1284 4422 C.
1304 4367 1437 4434 Cassium,
1457 4369 1492 4421 ad
1510 4368 1595 4421 Mem·

251 4457 343 4524 mium,
363 4459 398 4512 ad
417 4462 551 4525 senatum,
568 4459 604 4512 ad
622 4458 742 4512 Tullium
760 4457 894 4510 Tironem.

290 4563 331 4629 ·⁸)
360 4578 444 4630 usque
462 4563 498 4615 ad
515 4562 588 4616 VIII.
606 4565 631 4618 9.
648 4565 666 4618 3
684 4562 771 4630 „Puto
789 4560 862 4616 enim
881 4561 904 4612 si
924 4559 1008 4612 ullam
1025 4574 1106 4626 spem.
1124 4556 1272 4625 Explicit.“

306 4666 330 4733 ⁴)
355 4664 388 4717 cf.
407 4666 449 4719 ed.
465 4666 486 4718 I.
506 4666 536 4719 G.
556 4663 664 4719 Baitsri
681 4665 730 4718 vol.
747 4664 794 4717 IX.
810 4680 871 4733 pag.
889 4662 1038 4716 XXXVIII.
1152 4709 1153 4714 ,
