3586 5266
882 144 922 204 25

799 226 1003 236 *-

233 414 319 484 sunt,
350 409 407 492 qui
425 415 574 470 censeant
602 406 701 470 libros
726 405 899 470 ΙΧ-ΧΠ,
923 407 1002 470 bone
1029 425 1097 470 sese
1124 407 1315 491 excipientes
1345 413 1488 470 secutum
1508 427 1575 470 eme

232 523 349 586 librum
384 524 470 588 XIII.
500 525 653 609 epistulas
680 526 965 601 commendatitias,
1002 532 1072 588 tum
1100 524 1218 588 librum
1248 523 1332 587 XIV.
1357 522 1575 601 „familia1es“

233 641 384 726 epistulas
410 644 638 720 continentem,
665 664 759 728 porro
787 643 904 706 librum
932 642 1001 706 XV.
1028 643 1119 726 quasi
1145 642 1399 726 supplementum
1424 643 1574 726 priorum,

233 759 368 843 denique
389 758 513 824 Tironis
542 759 659 823 librum
686 768 817 844 propter
844 761 1066 824 verecundiam
1098 759 1188 822 illum
1215 767 1355 823 extremo
1383 758 1451 824 loeo
1479 759 1575 823 oollo-

232 884 347 954 catum,
377 885 434 941 aut
461 877 542 940 illud
568 878 823 963 supplementum
849 885 922 962 post
950 878 1089 962 reliquos
1117 877 1214 940 libros
1241 877 1362 940 editum
1383 897 1451 940 esse
1472 877 1575 940 dicero

232 994 358 1071 debent,
378 994 436 1072 vel,
464 996 551 1080 quod
571 996 656 1059 idem
676 1003 732 1072 est,
761 995 835 1059 huic
857 996 1008 1059 volumini
1029 1016 1092 1060 non
1113 995 1246 1059 eandem
1266 994 1400 1058 formam
1421 994 1463 1058 ab
1484 995 1574 1058 initio

232 1113 341 1189 fuisse,
369 1119 427 1176 aut
448 1111 598 1177 Tironem
624 1115 731 1198 inepte
759 1115 867 1194 egisse.
907 1114 957 1176 An
985 1135 1047 1176 non
1074 1115 1217 1197 ineptum
1238 1121 1288 1176 est
1309 1112 1427 1176 libmm
1449 1133 1469 1175 a
1489 1113 1575 1176 simi·

233 1229 324 1307 libus,
353 1232 409 1314 qui
436 1238 531 1294 antea
560 1232 723 1315 compositi
752 1240 843 1309 sunt,
870 1251 1043 1312 segregare,
1070 1251 1264 1314 quamquam
1295 1231 1406 1294 eodem
1433 1237 1575 1315 tempore

232 1355 329 1432 atque
358 1349 468 1412 eodem
488 1349 646 1413 volumine
667 1349 812 1427 eduntur,
841 1351 888 1412 ita
908 1357 946 1413 ut
963 1349 1096 1429 vestigio
1116 1348 1258 1412 diversae
1278 1348 1406 1428 originIs
1429 1346 1575 1412 facillime

231 1466 331 1530 deleri
357 1467 502 1550 possint?
543 1466 678 1544 Omitto,
707 1467 793 1551 quod
821 1468 885 1530 iam
912 1467 953 1532 ob
983 1487 1054 1530 eam
1074 1486 1142 1530 rem
1162 1473 1264 1530 totam
1283 1465 1366 1529 hauc
1386 1468 1575 1530 sententiam

231 1583 461 1668 improbamus,
496 1585 573 1669 quia
600 1583 718 1648 librum
746 1583 815 1647 XV.
844 1584 1100 1669 supplementum
1127 1604 1195 1666 esse
1221 1603 1382 1664 negamus.
1430 1582 1575 1648 Efficitur

229 1702 289 1779 eis,
320 1723 402 1786 quae
428 1701 534 1766 adhuc
562 1701 807 1786 disputavimus,
835 1710 872 1766 ut
893 1701 953 1766 hoc
974 1703 1120 1766 volumen
1140 1723 1239 1786 quum
1260 1703 1327 1766 sine
1348 1703 1470 1766 ratione
1490 1723 1574 1766 com-

229 1821 369 1904 positum
392 1821 441 1898 sit,
470 1819 531 1883 hac
548 1819 649 1884 forma
670 1841 690 1883 a
711 1819 825 1884 Tirone
844 1841 906 1883 non
928 1821 1028 1904 possit
1050 1818 1227 1905 profectum
1246 1839 1324 1884 esse.
1366 1817 1487 1904 Itaque,
1514 1820 1575 1884 nisi

229 1939 308 2002 miro
323 1938 462 2022 quodam
476 1959 551 2002 casu
568 1937 666 2002 libros
685 1938 788 2002 locum
805 1945 1015 2002 commutasse
1030 1938 1264 2020 sumpserimus,
1286 1937 1477 2000 alterutrum
1493 1938 1574 2001 eooi-

229 2056 312 2120 disse
338 2055 537 2140 putabimus:
570 2063 628 2118 aut
655 2054 827 2119 conflatum
856 2076 923 2119 esse
954 2055 1014 2119 hoc
1041 2054 1187 2120 volumen
1213 2055 1347 2118 erariis
1373 2053 1573 2138 corpusculis,

230 2180 287 2236 aut
308 2175 467 2237 continere
485 2172 637 2258 reliquias
658 2175 787 2238 maioris
806 2174 955 2258 corporis,
983 2149 1048 2257 qub
1069 2171 1223 2236 dissoluto
1243 2171 1298 2236 alii
1318 2170 1392 2234 libri
1413 2172 1573 2256 perierint,

229 2290 283 2353 alii
312 2290 499 2375 perturbato
520 2291 630 2354 ordine
650 2290 736 2355 hunc
753 2292 785 2354 in
807 2290 937 2354 modum
958 2311 1026 2354 sese
1046 2291 1139 2376 quasi
1159 2290 1392 2366 coniunxerint,
1420 2297 1457 2352 ut
1477 2291 1573 2354 etiam

229 2407 325 2486 libro,
353 2409 408 2492 qui
436 2429 520 2472 nuno
541 2415 590 2472 est
610 2409 725 2472 tertius
745 2409 892 2486 decimus,
923 2409 982 2472 etsi
1005 2408 1107 2473 alieno
1127 2428 1148 2472 a
1168 2407 1312 2492 reliquis,
1342 2406 1445 2471 locum
1465 2428 1573 2472 conoe·

229 2526 349 2590 dorent.
396 2525 537 2603 Quarum
559 2527 787 2590 sententiarum
807 2527 910 2604 altera
931 2526 987 2590 illa
1008 2525 1170 2610 displicet3
1192 2545 1267 2590 nam
1287 2523 1406 2588 librum
1428 2523 1496 2587 XV.
1519 2545 1573 2589 vo-

230 2643 336 2708 lumen
364 2665 421 2729 pcr
448 2665 482 2708 se
504 2643 642 2708 effecisse
663 2645 716 2708 vix
737 2645 906 2729 quisquam
928 2643 1026 2720 dicet,
1054 2639 1189 2706 alteram
1209 2662 1283 2706 vero
1303 2661 1340 2706 eo
1362 2642 1572 2706 commendari

229 2781 352 2839 censeo,
388 2762 474 2847 quod
508 2761 678 2826 nonnullae
713 2761 867 2845 epistulae
900 2760 941 2824 ab
977 2761 1117 2845 antiquis
1151 2759 1358 2843 scriptoribus
1387 2757 1572 2838 afferuntur,

229 2899 365 2963 quarum
400 2901 502 2964 neque
537 2879 662 2961 singula
688 2878 847 2942 volumina
875 2877 970 2942 luisse
998 2878 1159 2963 ponimus,
1190 2897 1292 2962 neque
1317 2896 1391 2940 vero
1418 2877 1463 2942 eis
1489 2878 1573 2940 inter

230 2997 365 3060 sedecim
392 2996 450 3061 hos
479 2996 577 3062 libros
604 2997 691 3062 locus
718 3003 778 3074 est,
808 3016 887 3080 quos
918 2997 963 3060 eis
993 2994 1138 3080 epistulis
1163 2993 1296 3059 refertos
1325 3013 1393 3058 esse
1419 2993 1572 3070 volumus,

229 3134 310 3198 quae
330 3113 471 3194 singulae
490 3116 653 3200 pauciores
676 3122 774 3192 erant,
797 3135 893 3199 quam
914 3121 951 3177 ut
973 3134 1066 3178 suum
1086 3113 1232 3177 volumen
1254 3111 1421 3177 efficerent.
1458 3109 1571 3196 ltaque

181 3223 183 3226 ’
228 3231 379 3296 excidisse
399 3232 554 3317 quosdam
574 3226 686 3310 libros,
714 3233 769 3317 qui
791 3253 890 3317 quum
910 3231 989 3296 alias
1011 3231 1177 3315 epistulas,
1204 3238 1274 3294 tum
1293 3250 1346 3294 eas
1367 3229 1571 3307 continerent,

229 3369 310 3433 quae
337 3349 379 3412 ad
405 3349 592 3414 Hostilium¹
621 3349 755 3428 (Charis.
778 3348 803 3413 1.
831 3371 903 3434 pag.
930 3355 998 3412 110.
1022 3354 1039 3410 2
1062 3347 1164 3433 Keil),
1193 3348 1236 3412 ad
1255 3346 1456 3412 Marcellum²
1482 3345 1572 3430 (ibid.

228 3487 300 3548 pag.
326 3471 393 3544 108,
426 3471 486 3546 26)
518 3467 560 3530 ad
588 3466 735 3552 Pelopem
765 3467 868 3554 (Plut.
890 3489 919 3530 v.
942 3467 1006 3532 (lic.
1029 3465 1091 3553 24)
1118 3466 1161 3532 ad
1190 3464 1342 3530 Titinium
1368 3463 1510 3550 (Sueton.
1534 3463 1573 3527 de

229 3583 311 3647 rhet.
334 3581 367 3667 2)
389 3583 484 3648 datae
505 3593 603 3662 crant,
626 3584 716 3648 laoile
737 3585 933 3649 crediderim.

334 3699 489 3776 Quoniam
510 3676 606 3782 igitur
628 3703 705 3766 ordo
724 3701 879 3765 librorum
899 3699 1084 3766 IX—XVI.
1107 3701 1255 3765 fortuitus
1277 3707 1333 3777 est,
1364 3706 1398 3764 et
1418 3701 1573 3784 siquidem

230 3825 315 3882 recte
341 3819 445 3882 locum
474 3819 565 3882 illum
597 3820 653 3906 (ad
674 3820 770 3883 Attio.
792 3818 875 3882 XVI.
900 3825 927 3882 ὁ.
951 3815 985 3903 4)
1007 3817 1171 3882 referimus
1193 3818 1235 3881 ad
1257 3817 1374 3882 librum
1395 3817 1480 3894 XIII,
1510 3839 1572 3882 non

229 3943 285 4014 est,
306 3945 462 4022 quantum
476 3937 574 4014 video,
594 3958 650 4000 cur
666 3936 847 4002 Ciceronem
864 3938 969 4022 ipsimi
983 3936 1067 4000 huno
1088 3935 1206 4000 librum
1222 3935 1356 4000 edidisse
1371 3955 1528 4014 negemus.

334 4053 483 4140 Reliquos
509 4061 616 4119 autem
643 4054 741 4119 libros
767 4055 809 4119 ad
836 4054 1015 4140 exemplum
1042 4055 1157 4139 prioris
1178 4053 1343 4120 voluminis
1369 4053 1416 4116 ita
1447 4071 1573 4136 compo·

111 4211 113 4217 ·
229 4172 306 4235 sitos
320 4171 415 4236 fuisse
430 4172 612 4252 colligimus,
632 4180 669 4236 ut
690 4173 842 4257 temporis
859 4174 1014 4236 rationem
1028 4173 1126 4236 secuti
1144 4172 1283 4256 primum
1298 4171 1402 4234 locum
1417 4175 1571 4247 tenerent,

229 4310 364 4372 quorum
394 4289 547 4374 epistulae
575 4299 649 4354 ante
676 4291 815 4356 medium
841 4311 959 4354 annum
991 4295 1049 4352 llll
1078 4287 1172 4354 datae
1200 4287 1261 4366 vel,
1296 4288 1383 4374 quod
1413 4287 1496 4349 idem
1525 4294 1574 4350 est

230 4407 343 4489 prioris
372 4407 564 4472 collectionis
592 4416 710 4486 essent,
745 4409 917 4473 secundum
946 4409 987 4485 ei,
1021 4428 1100 4494 quos
1127 4406 1257 4470 alterius
1285 4379 1480 4469 colleoiionis
1505 4421 1575 4466 esse

230 4521 365 4590 diximus
387 4525 419 4588 h.
442 4546 468 4589 e.
490 4525 588 4592 libros
608 4526 646 4604 X,
676 4525 730 4606 XI,
758 4525 827 4604 XII,
855 4527 986 4590 tertium
1014 4524 1146 4588 fortasse
1174 4521 1247 4584 libri
1275 4522 1317 4585 ad
1338 4519 1519 4585 Terentiam
1541 4525 1577 4580 et

287 4677 309 4742 ¹)
331 4679 354 4744 ²)
373 4674 406 4730 ef·
424 4675 503 4732 Nake
520 4677 585 4732 hist.
606 4677 667 4732 crit.
684 4694 746 4748 pag.
765 4681 806 4745 ιο,
826 4681 866 4734 ιι.
885 4680 941 4731 not.
960 4679 1002 4743 aa,
1021 4677 1062 4730 es.
