3586 5266
223 1713 321 1830 Non
352 1788 467 1844 vereor,
496 1788 536 1830 ne
564 1767 763 1832 excusatione
793 1767 871 1831 mihi
900 1789 979 1850 opus
1006 1769 1048 1832 sit
1076 1767 1171 1832 verba
1198 1767 1319 1832 facturo
1349 1769 1389 1832 de
1410 1767 1452 1832 M.
1476 1766 1558 1832 Tulli

224 1884 382 1948 Ciceronis
409 1885 559 1967 epistulis,
588 1907 668 1967 quas
687 1889 728 1950 od
749 1890 921 1971 familiares
944 1887 1105 1950 nominare
1123 1887 1354 1951 consuevimus:
1392 1907 1465 1952 nam
1487 1907 1559 1969 pro-

223 2001 306 2068 lecto
328 2025 429 2084 neque
451 2004 597 2085 indignae
620 2014 702 2082 sunt,
723 2006 756 2068 in
778 2025 858 2085 quas
879 2006 994 2068 iterum
1015 2006 1193 2086 iterumque
1214 2005 1355 2072 studium
1372 2003 1559 2080 conforatur,

226 2143 325 2203 neque
348 2130 513 2204 tantopere
534 2131 753 2205 pertractatae,
776 2131 820 2200 ut,
849 2125 903 2204 qui
926 2144 979 2187 eas
1001 2123 1103 2188 denuo
1125 2123 1328 2205 aggrediatur
1349 2124 1434 2188 dicta
1456 2123 1559 2190 dicore

225 2248 350 2303 coactus
380 2243 430 2303 sit.
474 2240 573 2305 lmmo
604 2263 676 2306 vero
705 2250 831 2305 tantum
858 2241 955 2320 abest,
985 2249 1021 2304 nt
1047 2241 1162 2305 harum
1190 2240 1397 2324 epistularum
1419 2242 1559 2306 studium

227 2358 455 2436 quodammodo
475 2360 517 2424 ad
536 2362 631 2424 linem
651 2361 839 2443 perductum
860 2361 909 2437 sit,
931 2367 967 2424 ut
988 2360 1079 2441 quasi
1099 2360 1132 2422 in
1148 2359 1311 2425 cunabulis
1334 2361 1444 2426 iaceat.
1478 2358 1560 2426 Nam

225 2477 311 2556 quod
333 2479 448 2541 attinet
468 2479 509 2542 ad
524 2477 607 2542 Tulli
628 2479 724 2544 verba
739 2480 789 2542 via
803 2500 840 2542 ao
855 2479 976 2542 ratione
996 2479 1200 2556 restituenda,
1222 2479 1376 2544 neminem
1394 2485 1471 2562 puto
1485 2497 1560 2556 esso,

226 2597 282 2675 qui
303 2597 398 2659 etiam
419 2618 502 2661 nunc
523 2597 631 2662 Orellii
657 2597 807 2662 iudicium
829 2596 1046 2679 amplectatur,
1075 2596 1107 2659 id
1129 2598 1225 2660 nimio
1246 2598 1351 2662 studio
1372 2597 1502 2678 agentis,
1524 2603 1561 2660 ut

226 2734 264 2776 ea
281 2713 347 2778 sola
364 2714 494 2780 Medioei
516 2716 578 2780 fide
599 2716 726 2793 tradita,
749 2715 887 2796 reliquos
906 2713 1004 2778 libros
1020 2715 1250 2798 manuscriptos
1266 2716 1306 2778 ab
1329 2714 1388 2778 hoo
1404 2716 1561 2780 derivatos

227 2853 293 2896 osse
322 2833 543 2906 demonstret,
568 2833 672 2911 Quum
699 2855 772 2898 vero
800 2835 995 2916 praestantia
1022 2854 1130 2897 eorum
1158 2833 1313 2912 codicum,
1345 2854 1424 2914 quos
1454 2855 1516 2897 non
1543 2857 1560 2898 o

225 2937 373 3028 Medioeo,
402 2952 457 3016 sed
484 2974 523 3015 ex
543 2952 654 3016 altiore
675 2952 814 3033 quodam
834 2952 920 3016 fonte
941 2973 1084 3018 manasse
1106 2958 1238 3029 constat,
1265 2951 1315 3016 his
1335 2952 1413 3034 ipsis
1435 2952 1559 3016 domum

227 3072 317 3134 annis
347 3071 472 3150 cognita
498 3073 554 3150 sit,
582 3072 692 3135 messis
718 3070 833 3148 futura,
858 3079 896 3134 ut
924 3072 1027 3148 aiunt,
1056 3070 1160 3134 adhuc
1189 3072 1220 3133 in
1250 3069 1349 3134 herba
1376 3078 1434 3135 est.
1480 3069 1561 3136 Nam

227 3187 439 3252 Turonensem
460 3189 587 3269 quidem
608 3196 728 3271 septem
749 3191 866 3271 primos
890 3188 987 3252 libros
1009 3190 1220 3254 continentem
1243 3187 1299 3252 Ch.
1322 3187 1457 3254 Thurot¹
1480 3209 1562 3254 111111

231 3313 309 3371 1871
339 3307 506 3387 diligenter
526 3309 676 3387 excussit,
705 3307 891 3372 Harloianos
918 3315 1038 3386 autem,
1065 3328 1200 3388 quornm
1228 3308 1440 3388 praestantior
1465 3306 1561 3373 libros

227 3427 272 3489 lX
282 3465 320 3473 --
328 3425 417 3503 XVI,
445 3425 572 3489 1111111111
592 3425 690 3490 libros
714 3426 854 3490 I--VIIl
875 3425 1140 3508 complectuntur,
1171 3423 1350 3490 Fridoricus
1371 3425 1477 3490 Riihl²
1498 3446 1560 3490 non

228 3545 353 3626 penitus
378 3545 411 3606 in
439 3543 541 3608 lucem
569 3544 714 3625 protulit,
743 3545 798 3608 sed
829 3551 985 3624 quantum
1006 3543 1147 3608 sufficere
1168 3543 1385 3609 arbitrabatur
1406 3543 1446 3608 ad
1468 3543 1562 3607 fidem

228 3663 342 3725 horum
366 3661 508 3726 codicum
529 3661 733 3743 probandam.
778 3661 890 3742 ltaque
915 3663 1092 3743 etiamque
1114 3661 1279 3726 affinitatis
1302 3661 1426 3726 vinculo
1448 3661 1559 3742 singuli

230 3781 350 3844 codices
372 3782 456 3842 inter
477 3801 510 3842 se
531 3779 718 3844 cohaereant
738 3778 842 3844 adhuc
864 3802 926 3844 non
949 3781 1026 3844 satis
1047 3781 1156 3861 liquet.

332 3897 441 3979 Neque
464 3903 570 3962 tamen
591 3899 623 3960 in
645 3919 708 3961 una
730 3897 837 3961 hacre
852 3898 1060 3981 epistularum
1074 3898 1214 3962 studium
1229 3896 1394 3960 claudicat.
1434 3897 1561 3974 Omitto,

229 4018 314 4097 quod
332 4016 371 4080 de
392 4017 500 4080 multis
522 4013 664 4097 epistulis
686 4015 817 4079 dubium
836 4025 891 4096 est,
921 4038 981 4081 non
1005 4017 1083 4094 dico,
1112 4038 1174 4097 quo
1195 4016 1253 4094 die,
1281 4015 1336 4080 sed
1365 4035 1427 4094 quo
1449 4035 1562 4090 monse,

230 4157 292 4214 quo
321 4155 403 4198 anno
433 4135 525 4198 datae
554 4135 631 4210 sint,
662 4140 801 4198 attamen
824 4133 931 4200 Bruno
956 4134 1066 4200 Nakc³
1088 4142 1119 4198 et
1149 4129 1562 4198 (11111111111181111111114

286 4373 307 4440 ¹)
331 4369 460 4424 Bibliotb.
478 4371 511 4424 de
528 4370 619 4424 l’e'cole
637 4371 683 4424 des
702 4372 799 4424 hautes
818 4372 921 4424 etndes.
957 4371 1043 4424 Paris.
1081 4371 1156 4424 1874.

283 4477 306 4544 ²)
330 4474 427 4529 Rhein.
447 4475 514 4527 Mus.
533 4476 601 4528 1875.
622 4474 671 4527 vol.
685 4475 768 4527 XXX.
790 4491 849 4541 pag.
872 4477 905 4528 ‘26
927 4491 964 4540 sq.
994 4471 1211 4526 Wissenschaltl.
1233 4469 1451 4524 llonatsbltttor.
1487 4466 1562 4522 1878.

230 4578 289 4630 pag.
307 4565 342 4617 25
360 4579 397 4629 sq.

285 4666 309 4733 ³)
330 4663 353 4730 ⁴)
378 4665 438 4718 vide
457 4663 535 4716 infra.

1388 4763 1400 4814 l
