3586 5266
900 151 938 210 16

820 231 1016 242 ——b—-qm

250 415 423 496 respexisse
455 414 497 478 ad
531 412 664 477 aliorum
699 413 862 495 epistulae,
899 435 980 495 quae
1015 415 1139 479 Atticus
1175 414 1369 496 possidebat,
1407 417 1470 479 sive
1503 415 1587 479 hunc

252 532 392 598 Ciceroni
420 532 491 596 illas
518 533 638 614 petenti
665 553 727 596 non
756 532 1002 614 obtemperasse,
1032 553 1130 614 quum
1158 535 1225 616 ipse
1247 533 1436 617 bibliopolae
1457 556 1585 598 munere

250 653 440 734 fungeretur,
468 672 570 732 neque
595 671 685 716 suam
705 650 919 715 collectionem
942 652 1148 735 epistularum
1171 649 1386 718 Tullianarum
1408 653 1449 717 ad
1473 674 1506 716 se
1529 652 1586 716 da-

250 780 355 835 tarum
390 791 486 851 quam
522 769 664 834 editurus
698 777 793 848 esset,
835 771 867 832 in
903 771 1039 852 gratiam
1071 773 1135 836 sive
1172 771 1293 836 Tironis
1331 773 1395 836 sire
1430 771 1586 836 Ciceronis

250 890 451 953 imminuisse.
494 888 593 953 Immo
621 890 676 969 qui
701 888 781 952 lucri
807 888 939 953 faciendi
966 890 1086 954 nullam
1115 893 1306 955 occasionem
1335 891 1587 972 praetermittere
1622 881 1635 897 ’“

250 1008 371 1073 solebat
389 1009 496 1072 etiam
523 1007 657 1072 aliorum
686 1007 837 1090 epistulas
857 1009 890 1070 in
911 1008 1070 1072 volumina
1088 1011 1221 1091 recepit,
1244 1031 1379 1090 quarum
1401 1009 1545 1090 exempla
1567 993 1597 1071 a

251 1127 398 1191 Cicerone
425 1128 522 1190 missa
552 1133 723 1209 acceperat.
753 1125 804 1206 (cf.
827 1127 868 1190 ad
887 1127 953 1191 Att.
975 1125 1060 1190 VIII.
1095 1135 1141 1190 ll.
1164 1128 1199 1206 A,
1221 1127 1256 1206 B,
1279 1129 1311 1206 C,
1333 1127 1379 1204 D;
1411 1126 1466 1190 IX.
1491 1134 1519 1190 6.
1544 1126 1586 1203 Α;

253 1251 280 1309 7.
303 1246 339 1323 A,
359 1245 394 1322 B,
419 1244 461 1322 C;
485 1252 532 1308 ll.
556 1246 601 1322 Α;
630 1243 713 1307 XIV.
740 1250 786 1308 13.
809 1246 844 1322 A,
866 1245 909 1321 B;
935 1249 981 1308 17.
1004 1245 1055 1323 Al.

358 1363 526 1428 Commode
552 1370 659 1428 autem
687 1363 815 1441 accidit,
844 1363 930 1444 quod
952 1384 1060 1427 revera
1087 1370 1226 1427 extremo
1256 1363 1337 1428 libro
1359 1363 1442 1426 XVI.
1466 1365 1586 1445 epistu-

250 1485 353 1548 larum
374 1483 415 1546 ad
430 1483 570 1546 Atticum
592 1490 657 1546 tres
675 1482 828 1564 epistulae
848 1480 943 1546 huius
958 1483 1135 1562 argrmrenti
1149 1483 1190 1545 ad
1205 1481 1355 1546 Plancum
1374 1483 1422 1561 (Α,
1436 1465 1489 1560 B),
1506 1480 1587 1544 duae

250 1603 291 1700 ad
313 1601 497 1684 Capitonem
519 1600 565 1686 (C,
587 1601 635 1680 F),
656 1622 720 1666 una
741 1601 783 1665 ad
806 1599 839 1665 C.
862 1600 1058 1682 Cupiennum
1081 1599 1138 1685 (D)
1161 1601 1254 1665 datae
1275 1601 1430 1682 leguntur,
1452 1620 1584 1680 quarum

250 1728 315 1786 tres
339 1719 386 1800 (A,
406 1719 440 1798 C,
463 1717 594 1806 D),ch
621 1721 717 1784 etiam
746 1721 885 1801 quinque
914 1721 1132 1801 (nequeenim
1154 1720 1193 1783 de
1218 1728 1359 1802 ternpore
1381 1718 1585 1801 epistularum

250 1838 286 1901 E.
309 1838 344 1901 F.
366 1839 444 1902 satis
466 1843 601 1918 constat)
628 1845 702 1903 ante
730 1839 808 1903 haec
835 1838 932 1903 verba
958 1839 1076 1920 scripta
1104 1839 1197 1903 (latae
1226 1847 1306 1916 sunt,
1336 1839 1382 1902 ita
1407 1844 1443 1901 ut
1465 1837 1585 1918 possint

250 1957 291 2020 ad
320 1957 378 2021 has
407 1957 559 2038 epistulas
579 1955 698 2020 referri,
742 1957 910 2021 Praeterea
930 1956 1120 2020 monendum
1140 1963 1188 2020 est
1207 1958 1303 2020 etiarn
1323 1958 1356 2020 iu
1378 1957 1437 2021 hoc
1459 1975 1586 2037 corporo

140 2162 142 2167 Ι
250 2075 401 2158 epistulas
431 2076 700 2140 commendatitias
729 2082 838 2139 contra
859 2096 928 2138 cam
949 2075 1104 2163 regulam,
1137 2096 1218 2155 quae
1239 2077 1271 2138 in
1293 2075 1423 2156 reliquis
1445 2073 1588 2155 epistulis

252 2193 434 2274 colligendis
451 2194 558 2271 ualuit,
580 2194 748 2277 dispositas
766 2215 839 2271 esse,
863 2215 961 2274 quum
983 2195 1015 2256 in
1035 2201 1175 2258 extremo
1190 2215 1318 2277 corpore
1332 2194 1436 2258 locum
1452 2199 1587 2267 teneant,

251 2334 344 2394 quem
364 2311 536 2376 'secuudum
555 2314 706 2394 temporis
728 2315 882 2376 ratlonem
901 2333 965 2376 non
987 2312 1103 2376 debent
1123 2319 1261 2391 tenere3¹
1290 2333 1371 2393 quae
1386 2311 1514 2392 quidem
1529 2331 1588 2388 ree,

251 2414 349 2512 quum
370 2432 547 2494 testimonio
569 2422 611 2494 sit
632 2430 726 2494 firisse
746 2430 976 2510 quodammodo
998 2451 1037 2493 ex
1057 2453 1143 2495 more
1160 2432 1371 2495 Romanorum
1385 2437 1422 2493 ut
1437 2429 1588 2513 epistulas

252 2549 521 2613 commendatitias
543 2570 634 2612 suum
655 2569 753 2631 genus
775 2548 980 2631 epistularum
1003 2569 1070 2613 esse
1091 2549 1215 2626 vellent,
1237 2556 1379 2613 nostram
1400 2549 1588 2614 sententiam

252 2667 291 2731 de
312 2667 372 2731 hoc
393 2668 462 2732 loco
483 2689 546 2731 non
568 2668 698 2750 paulurn
720 2668 867 2732 adiuvare
889 2667 1022 2731 videtur.

357 2785 461 2863 Quum
481 2807 553 2850 vero
576 2793 685 2850 tantus
706 2786 873 2850 verborum
894 2793 926 2850 et
946 2787 993 2850 rei
1013 2769 1181 2850 ’coriscusus
1203 2787 1252 2864 sit,
1274 2785 1375 2850 facere
1394 2808 1454 2850 non
1478 2807 1588 2868 possu-

251 2926 335 2983 mus,
365 2906 440 2987 quin
462 2903 547 2969 hunc
566 2904 669 2969 locum
691 2905 733 2968 ad
754 2905 868 2968 librum
894 2903 978 2966 XIII.
1001 2903 1187 2981 referamus3
1217 2911 1313 2984 atque
1334 2903 1412 2968 haec
1433 2905 1588 2968 sententia

252 3045 361 3106 perse
382 3005 547 3104 tantopere
569 3023 811 3100 commendatur,
835 3029 1029 3104 quantopere
1051 3029 1226 3086 ceterorum
1245 3022 1408 3086 hominum
1424 3022 1588 3116 doctorum

251 3164 301 3206 me
322 3141 423 3205 iudice
446 3141 670 3223 probabilitate
692 3148 787 3204 caret.
827 3141 887 3216 Qui
909 3141 1044 3220 quidem,
1066 3161 1164 3221 quum
1183 3140 1261 3204 haec
1277 3139 1374 3204 verba
1391 3140 1433 3204 ad
1452 3141 1587 3221 primor-

252 3261 304 3324 dia
326 3259 532 3343 epistularum
550 3259 591 3323 ad
612 3259 684 3323 fam.
700 3259 845 3336 referant,
868 3259 1079 3322 considerasse
1096 3279 1158 3321 non
1176 3259 1322 3340 videntur
1342 3259 1447 3339 ipsum
1464 3257 1587 3321 Cicero-

251 3400 323 3444 nem
352 3399 458 3442 omnes
485 3377 543 3441 has
571 3378 723 3459 epistulas
752 3378 843 3442 edere
870 3379 1023 3458 nequisse,
1054 3397 1152 3456 quum
1181 3397 1252 3440 eum
1276 3383 1361 3440 certe
1383 3397 1445 3439 nou
1467 3375 1588 3456 firgeret

205 3523 207 3530 ·
253 3505 331 3578 quot
363 3503 561 3578 quantaeque
595 3492 851 3574 obtrectationes,
891 3497 992 3560 iustae
1028 3501 1124 3576 atque
1156 3495 1291 3560 iniustae
1319 3495 1499 3558 inimicitiae
1527 3494 1585 3558 sibi

253 3616 326 3680 inde
351 3614 547 3697 profecturae
569 3621 682 3680 essent.
1110 3597 1112 3600 ⁵

355 3733 472 3797 Verum
494 3734 617 3798 etiamsi
634 3755 706 3796 eum
727 3732 861 3796 voluisse
883 3733 1035 3814 ponimus,
1065 3753 1142 3795 num
1163 3731 1344 3812 putabimus
1366 3752 1437 3795 eum
1458 3737 1585 3811 septua-

251 3855 339 3934 ginta
366 3851 429 3916 fere
457 3851 599 3934 epistulis
628 3852 807 3934 compositis
836 3858 1000 3931 tamquam
1030 3849 1174 3914 absoluto
1202 3849 1367 3932 colligendi
1383 3848 1500 3912 studio
1527 3847 1585 3911 has

251 3992 367 4053 paucas
383 3970 519 4034 edendas
545 3991 677 4034 curasse.
712 3969 762 4033 Ita
782 3970 864 4033 enim
879 3968 975 4033 verba
997 3969 1080 4045 iacit,
1102 3968 1192 4047 quasi
1213 3974 1409 4049 praetereas
1426 3967 1585 4048 epistulas,

257 4111 463 4118 -ο--κ-α--οο-

309 4177 329 4240 Ι)
355 4173 442 4240 Quum
460 4171 593 4239 epistulae
611 4187 642 4225 eo
660 4170 753 4224 ordine
772 4185 829 4222 sese
847 4169 994 4237 excipiant,
1021 4187 1072 4238 quo
1092 4169 1186 4222 Attico
1206 4167 1328 4220 traditae
1348 4168 1527 4234 scutrarum
1547 4169 1587 4234 lit,

253 4265 283 4314 ut
302 4264 452 4326 temporum
469 4250 541 4312 ratio
557 4256 743 4310 vehementius
763 4255 886 4308 violetur.
917 4255 1022 4323 Itaque,
1035 4260 1073 4308 ut
1090 4254 1211 4321 exemplo
1230 4258 1301 4320 utar,
1320 4252 1390 4307 liber
1407 4255 1478 4307 XVI.
1498 4255 1586 4306 ruillas

253 4345 384 4414 epistulas
408 4344 545 4410 continet,
575 4341 629 4395 nisi
653 4357 721 4411 quae
747 4345 812 4395 sunt
834 4339 967 4394 mensium
991 4341 1099 4408 Quinct.
1123 4345 1152 4394 et
1178 4339 1271 4392 Sextil.
1297 4329 1423 4394 Novemb.
1448 4340 1586 4392 llecembr.

255 4431 321 4485 anni
339 4433 397 4497 711,
420 4436 450 4485 et
466 4429 608 4498 epistulae,
632 4444 701 4496 quae
718 4432 857 4481 extremae
875 4431 947 4493 sunt,
971 4427 1014 4481 ita
1031 4443 1059 4480 se
1077 4425 1232 4493 excipiunt:
1258 4429 1282 4491 6,
1300 4428 1324 4492 7,
1343 4428 1367 4492 8,
1384 4429 1409 4492 9,
1429 4430 1467 4491 tl,
1490 4428 1528 4489 12,
1547 4426 1586 4489 10,

257 4519 308 4583 13¹,
328 4519 369 4582 14,
390 4520 429 4570 15.
466 4517 568 4570 Contra
590 4514 815 4568 honorationem
835 4512 939 4566 decimo
958 4517 1034 4566 sexto
1051 4499 1179 4566 loco'hae
1196 4511 1331 4578 epletulac
1347 4509 1587 4564 commendatitIae

253 4603 387 4671 leguntur,
413 4619 489 4669 quae,
513 4601 535 4654 si
559 4602 594 4654 ad
617 4605 723 4668 tempus
746 4598 912 4666 respicimus,
940 4599 969 4650 in
993 4599 1062 4651 libro
1086 4597 1143 4650 XV.
1169 4597 1224 4650 sive
1252 4598 1333 4651 initio
1357 4597 1419 4650 libri
1447 4597 1517 4649 XVI.
1543 4597 1587 4648 de·

252 4689 354 4742 bebant
372 4704 438 4740 esse.
