3586 5266
783 159 988 252 „si-

210 417 298 482 nulla
324 418 366 483 ad
394 427 533 484 nostram
562 427 696 486 aetatem
725 421 911 506 pervenerit.
964 421 1088 486 Accidit
1114 417 1262 496 fortasse,
1299 423 1336 481 ut
1372 418 1405 480 in
1436 436 1557 480 summa

209 537 383 601 animorum
405 537 658 621 perturbatione,
689 561 784 625 quum
809 540 917 605 Cicero
939 560 959 602 a
979 539 1153 602 triumviris
1174 538 1371 622 proscriptus
1392 536 1556 620 praecipiti

210 650 284 733 fuga
311 652 443 718 Romam
467 655 672 741 relinqueret,
709 657 879 741 epistulae,
916 657 942 720 si
969 675 1049 741 quas
1079 663 1155 719 tunc
1176 653 1226 717 vel
1253 653 1341 717 dedit
1370 652 1419 716 vel
1448 653 1557 716 misses

210 772 338 856 accepit,
360 773 523 853 neglectae·
544 775 684 838 iacerent
705 781 801 860 atque
824 775 1055 838 amitterentur.
1099 771 1209 858 Neque
1230 773 1321 847 eninu
1342 771 1462 854 opinor,
1484 769 1557 833 Tiro

210 895 274 952 tam
303 890 476 974 tranquillo
506 892 610 956 animo
639 899 723 969 erat,
751 900 789 956 ut
817 892 856 956 de
887 891 1031 976 epistulis
1058 889 1220 956 servandis
1249 896 1345 973 atque
1374 887 1557 969 colligendis

212 1006 378 1085 cogitaret,
405 1029 501 1092 quum
526 1009 592 1072 vita
619 1011 746 1094 patroni
775 1009 1024 1094 periclitabatur.
1069 1007 1185 1072 Verum
1207 1007 1268 1071 hoc
1285 1028 1348 1071 uon
1370 1005 1468 1082 valet,
1497 998 1578 1069 nisi'

210 1122 250 1186 de
278 1124 422 1208 epistulis
450 1123 619 1190 Novembri
650 1127 698 1191 vel
726 1128 853 1191 ineunte
881 1126 1047 1191 Decembri
1074 1127 1176 1203 datis,
1210 1130 1285 1210 (quo
1309 1145 1414 1188 mense
1435 1122 1557 1188 Tullius
1614 1142 1620 1156 '

210 1241 389 1306 trucidatus
419 1240 495 1328 est),
528 1264 624 1328 quum
656 1244 835 1322 Octavium,
870 1245 1054 1321 Antonium,
1083 1243 1235 1328 Lepidum
1266 1263 1333 1306 sese
1361 1243 1557 1306 coniunxisse

210 1378 273 1422 non
301 1366 376 1422 ante
403 1358 610 1425 Novembrem
641 1362 758 1426 Batnae
788 1364 945 1443 cognitum
975 1363 1047 1438 sit,¹
1074 1382 1176 1446 neque
1204 1367 1279 1424 ante
1307 1359 1440 1424 inedium
1472 1358 1557 1422 hunc

210 1496 349 1540 mensem
371 1475 478 1541 Cicero
508 1478 587 1555 aQ.
618 1477 714 1543 Pedio
743 1482 921 1561 exagitatus
950 1479 1023 1542 inde
1052 1478 1195 1560 fugerit.²
1241 1477 1350 1563 Neque
1380 1498 1453 1541 vero
1472 1477 1557 1540 idem

212 1592 272 1657 hoe
292 1597 397 1679 potuit
420 1595 564 1660 Tironem
586 1597 746 1682 impedire,
766 1596 1103 1682 quominnsepistulas
1125 1597 1264 1681 priorum
1285 1595 1379 1658 trium
1404 1595 1554 1660 mensium

211 1710 339 1776 Sextilis
372 1713 456 1790 dieo,
490 1713 695 1799 Septembris,
733 1715 879 1780 Octobris
915 1714 1075 1796 colligeret
1108 1722 1205 1800 atque
1240 1713 1355 1777 ederet.
1406 1712 1556 1777 Consulto

209 1829 307 1910 igitur
328 1829 387 1894 has
408 1831 561 1916 epistulas
583 1834 749 1898 retinuisse
770 1835 932 1918 putandus
953 1841 1009 1911 est,
1038 1832 1216 1917 etquidem
1240 1830 1347 1896 eadem
1370 1851 1472 1908 causa,
1493 1851 1557 1915 qus¹

211 1955 384 2012 eommotus
405 1948 530 2013 Atticus
552 1950 670 2014 nullam
693 1953 858 2034 epistulam
881 1952 996 2028 edidit,
1026 1971 1119 2035 quam
1144 1956 1217 2034 post
1238 1969 1354 2012 annum
1379 1953 1438 2010 ilo
1461 1947 1503 2012 ad
1524 1969 1556 2012 se

211 2065 336 2129 missam
364 2068 500 2150 accepit:
545 2067 627 2131 Sunt
651 2071 732 2133 enim
756 2069 873 2133 iamin
901 2071 961 2146 eis,
988 2090 1070 2153 quae
1097 2074 1281 2152 supersunt,
1309 2065 1425 2150 quibus
1447 2065 1556 2129 Octavi

94 2257 96 2264 Α
210 2181 289 2246 fides
317 2184 350 2246 in
379 2183 508 2248 dubium
538 2193 666 2250 vocetur
693 2195 788 2273 atque
817 2188 974 2252 hostiliter
1002 2187 1041 2250 de
1071 2207 1108 2250 eo
1135 2186 1332 2270 disputetnr3
1370 2183 1440 2247 vide
1461 2183 1554 2248 modo

211 2300 377 2384 epistulam
406 2309 442 2364 15
465 2302 538 2366 libri
558 2303 640 2380 XVI,
662 2304 716 2367 ubi
739 2305 871 2386 legimus
893 2305 927 2392 (ᾗ
946 2311 994 2383 tit:
1018 2323 1210 2387 quanquam
1232 2306 1263 2366 ia
1286 2305 1463 2384 praesentia
1483 2305 1554 2366 belle

211 2420 266 2482 iste
286 2439 369 2500 puer
391 2423 526 2484 retundit
549 2425 731 2496 Ausonium,
757 2434 857 2486 tumen
884 2427 1001 2487 esitium
1024 2434 1162 2504 spectare
1183 2423 1326 2484 debemus
1350 2469 1355 2481 .
1381 2465 1389 2480 .
1411 2423 1553 2484 anseius

211 2540 403 2600 voluntatem
422 2549 493 2601 oute
513 2539 588 2602 Idus
608 2539 786 2605 Decembres
804 2542 891 2619 (anni
911 2544 983 2617 tio)
1005 2542 1225 2620 perspiciemus
1246 2541 1279 2601 iu
1297 2537 1395 2602 Casca
1412 2541 1552 2602 nostro.³

218 2652 315 2731 Quid,
348 2655 433 2739 quod
459 2655 585 2720 Atticus
612 2657 729 2722 nullam
755 2657 920 2743 epistulam
952 2657 1066 2733 edidit,
1093 2677 1175 2741 quae
1204 2663 1277 2739 post
1306 2654 1365 2719 has
1389 2654 1465 2719 Idus
1494 2654 1555 2718 De·

212 2771 353 2836 cernbres
387 2773 463 2836 duta
498 2774 579 2838 sit?⁴
627 2775 737 2840 Nonne
766 2797 875 2840 revera
904 2775 1082 2839 Ciceronem
1113 2774 1173 2838 hoc
1201 2775 1251 2838 die
1278 2775 1474 2858 perspexisse
1504 2793 1556 2835 vo·

213 2888 366 2954 luntatem
392 2891 514 2954 Octavii
542 2900 575 2956 et
602 2892 676 2956 inde
703 2901 767 2957 tam
788 2893 948 2974 ¹gravibus
977 2892 1082 2956 verbis
1111 2893 1197 2976 apud
1225 2893 1363 2956 Atticum
1395 2912 1557 2955 accusasse

212 3007 388 3085 credemus,
417 3017 454 3072 ut
482 3010 691 3093 imprudentis
712 3018 808 3095 atque
830 3011 958 3075 audacis
980 3019 1062 3074 esset
1084 3010 1161 3074 haec
1183 3011 1312 3076 Octavio
1335 3008 1466 3074 florente
1486 3029 1557 3092 per-

212 3124 384 3206 vulgare?⁵
430 3126 509 3190 Nam
541 3129 626 3212 quod
655 3127 763 3192 Cicero
791 3131 823 3192 in
851 3127 995 3213 epistulis
1022 3129 1064 3192 ad
1092 3128 1170 3192 alios
1199 3128 1282 3203 detis
1296 3135 1343 3191 *et
1371 3126 1497 3211 publice
1526 3127 1559 3190 in

217 3242 412 3306 orationibus
436 3243 598 3309 Octavium
627 3246 775 3311 laudibus
804 3267 917 3312 ornere
937 3248 1057 3330 pergit,
1086 3247 1120 3309 id
1141 3267 1203 3309 non
1224 3267 1263 3308 ex
1284 3246 1379 3308 animi
1396 3246 1559 3308 ‘sententia

212 3359 384 3445 profectum
417 3369 489 3439 est,
509 3363 565 3427 sed
590 3384 626 3428 eo
656 3371 792 3448 spectat,
827 3371 864 3427 ut
891 3385 957 3428 eem
988 3363 1030 3426 ad
1058 3363 1209 3427 bonorum
1238 3383 1318 3446 quos
1345 3361 1423 3426 dicit
1452 3369 1559 3447 partes

212 3478 322 3542 trahat
341 3488 512 3564 avocetque
531 3480 573 3545 ab
596 3481 725 3546 Antonii
746 3483 970 3559 coniunctione,
999 3502 1092 3565 quarn
1114 3479 1184 3556 sibi,
1215 3478 1359 3543 omnibus
1387 3478 1486 3556 bonis,
1512 3480 1558 3543 rei

214 3595 359 3680 publicae
392 3577 487 3662 exitio
521 3597 662 3662 futuram
696 3600 839 3685 putabat.
892 3599 1004 3686 Itaque
1038 3600 1124 3684 quod
1158 3598 1335 3662 Ciceronem
1373 3603 1559 3678 arroganter

220 3719 424 3728 mm-...ffl

270 3784 293 3848 ¹)
318 3782 351 3834 cf.
371 3783 513 3836 Drumann
531 3785 551 3837 I.
570 3801 632 3852 pag.
650 3786 702 3838 359
719 3788 776 3838 not.
795 3745 838 3850 97,
855 3786 907 3838 362
926 3788 983 3838 not.
1002 3786 1041 3842 14,
1060 3783 1111 3836 369
1129 3785 1185 3834 not.
1204 3783 1245 3834 62.
1267 3781 1313 3834 IV.
1331 3781 1391 3835 374.

269 3887 294 3954 ²)
313 3885 345 3938 cl.
365 3886 507 3939 Drumenn
524 3887 544 3938 I.
563 3888 623 3941 370.
641 3887 687 3940 IV.
706 3889 765 3941 374.

267 3989 290 4054 ⁸)
316 3988 349 4041 cf.
375 3987 462 4042 etiam
490 3991 525 4042 ed
549 3992 609 4043 Att.
635 3989 706 4044 XVI.
728 3993 766 4045 14.
795 3993 814 4054 1,
834 3991 863 4042 2:
900 3987 1003 4054 „Valde
1027 3987 1080 4040 tibi
1106 3987 1250 4052 assentior,
1281 3986 1305 4040 si
1329 3987 1447 4041 multum
1471 3987 1558 4056 possit

213 4073 394 4140 Octavianus
418 4076 505 4128 multo
529 4073 633 4129 firmius
656 4081 720 4130 acta
738 4074 850 4144 tyranni
868 4072 1139 4141 comprobatum-iri,
1167 4089 1248 4141 quam
1268 4072 1298 4124 in
1317 4071 1449 4140 Telluris,
1475 4076 1558 4140 etque

212 4160 241 4211 id
263 4164 360 4214 contra
380 4161 496 4214 Brutum
519 4160 576 4214 fore
603 4203 608 4213 .
634 4179 648 4226 .;
677 4162 724 4214 sed
742 4161 772 4213 in
789 4160 843 4214 isto
862 4159 966 4225 iuvene,
983 4174 1147 4227 quamquem
1165 4157 1251 4211 animi
1270 4157 1361 4224 setis„
1380 4157 1558 4212 auctoritatis

230 4261 308 4297 arum
325 4248 393 4298 est.“

211 4260 230 4311 p
270 4333 293 4396 ⁴)
321 4329 449 4383 Omnium
473 4337 624 4386 extremam
645 4331 723 4385 ‘XVl
745 4331 786 4399 15)
811 4331 892 4398 paulo
916 4333 977 4398 post
996 4329 1028 4382 V.
1045 4329 1084 4382 Id.
1102 4328 1166 4381 Dec.
1193 4327 1305 4380 missam
1327 4327 1383 4381 Ioh.
1402 4329 1436 4381 de
1454 4317 1558 4381 Gruber

213 4415 301 4481 docet,
320 4431 381 4482 pag.
399 4417 441 4470 32.

267 4517 290 4584 ⁸)
314 4517 418 4571 Eodem
435 4520 513 4571 modo
532 4517 645 4572 Asinius
662 4517 749 4572 Pollio
767 4517 796 4569 in
815 4516 978 4582 „Historiis“
996 4515 1052 4570 suis
1070 4515 1188 4570 evitasse
1206 4515 1315 4570 videtur
1332 4518 1364 4568 ut
1381 4513 1557 4580 ,periculosae

212 4604 322 4670 plenum
346 4617 411 4670 opus
437 4605 522 4657 sleee‘
540 4605 640 4657 bellum
660 4603 739 4658 civile
757 4603 904 4670 quoderat
929 4602 1003 4657 inter
1020 4601 1164 4656 Octavium
1182 4607 1211 4656 et
1228 4600 1380 4655 Antonium
1396 4598 1557 4652 describere.

213 4689 246 4742 cs.
266 4688 377 4742 Teuffel.
395 4688 412 4741 l.
432 4705 453 4742 c.
472 4706 532 4758 pag.
552 4692 612 4744 383.
