3586 5266
867 157 907 218 17

215 442 297 503 quae
323 423 366 486 ab
388 423 495 486 Attico
523 422 693 486 sumendae
720 423 801 498 sint,
838 421 919 485 alias
946 441 1011 486 nou
1038 422 1191 502 requirat.
1235 422 1282 486 Ac
1317 420 1561 503 profectonequo

215 543 292 604 satis
313 540 483 616 habuisset,
510 541 630 622 opinor,
657 540 861 620 septuaginta
880 538 1034 620 epistulas
1059 539 1229 621 collegioee,
1255 561 1358 625 neque
1389 539 1448 605 has
1469 541 1561 606 edere

127 658 140 674 ““
215 658 412 734 instituimet,
442 675 542 738 quum
560 655 644 720 facili
666 676 763 738 opera
783 665 890 738 poffiet
909 663 1074 720 sexcentas
1094 677 1270 737 mugerere,
1297 659 1358 722 nisi
1378 657 1457 722 haec
1474 667 1561 724 certo

218 775 343 839 cuidam
364 775 493 838 consilio
514 775 653 858 quodam
674 773 769 838 modo
790 773 1018 838 satisfacerent.
1050 773 1119 838 Iam
1134 796 1208 839 vero
1225 797 1302 840 num
1316 777 1403 860 quod
1415 776 1558 842 volumen
1657 771 1662 778 ’

219 901 323 974 potest
344 894 476 974 cogitari
499 893 533 954 in
554 893 640 972 quod
662 900 833 972 utrumque
854 891 915 955 hoc
935 892 1046 955 eodem
1066 893 1161 956 modo
1181 893 1283 972 cadat,
1304 914 1368 974 quo
1389 895 1423 958 in
1445 894 1559 960 librum

218 1009 300 1087 XIII,
324 1014 362 1074 nt
382 1010 541 1074 condneat
562 1019 595 1074 et
610 1009 771 1092 epistulas,
788 1030 871 1089 quae
886 1008 1034 1074 Cicerone
1049 1011 1118 1073 vivo
1139 1011 1205 1074 sine
1225 1011 1374 1093 scrupulo
1388 1020 1560 1094 potuerunt

218 1127 383 1209 divulgari,
404 1134 438 1191 et
458 1148 539 1207 quas
560 1149 619 1210 per
640 1135 709 1192 erat
729 1135 797 1190 tam
817 1128 960 1208 angustis
979 1126 1097 1191 finibus
1118 1121 1355 1192 cirourinscribi?

320 1245 353 1310 Si
369 1265 441 1308 vero
465 1253 551 1308 recte
572 1246 773 1326 cognovimns
795 1243 913 1308 librum
929 1243 1015 1307 XIII.
1032 1245 1242 1326 epistularum
1257 1245 1299 1310 ad
1320 1245 1392 1310 fam.
1408 1267 1428 1310 a
1445 1246 1558 1312 Tirone

217 1363 383 1428 collectum
404 1369 438 1426 et
458 1364 491 1426 in
512 1363 655 1426 ordinem
670 1363 834 1428 redactum
849 1384 925 1440 esse,
946 1370 1103 1443 quantum
1115 1362 1226 1426 auxilii
1245 1364 1446 1430 attulerimus
1462 1386 1560 1446 quum

217 1483 277 1546 toti
304 1479 378 1544 huic
407 1480 447 1544 de
475 1482 578 1562 prima
607 1481 814 1562 epistularum
834 1480 1013 1546 conditione
1032 1481 1210 1560 quaestioni
1230 1488 1299 1545 tum
1322 1483 1351 1546 ei
1378 1483 1560 1560 sententiae,

217 1621 313 1680 quam
326 1619 415 1662 mera
432 1600 671 1662 lenocinatione
690 1599 852 1662 inventam
867 1605 962 1662 antea
978 1598 1148 1680 posuimus,
1167 1596 1258 1663 facile
1275 1607 1324 1666 est
1344 1599 1516 1666 intellectu.

322 1716 406 1784 Ante
424 1717 530 1780 omnia
545 1715 692 1780 Tironem
706 1717 803 1780 etiam
817 1717 956 1796 reliquos
970 1715 1069 1780 libros
1083 1715 1292 1798 epistularum
1307 1718 1350 1781 ad
1365 1717 1438 1784 fam.
1455 1726 1559 1800 atque,

219 1836 369 1915 quoniam
389 1855 489 1898 unum
510 1835 650 1899 omnium
669 1833 877 1916 epistulamm
897 1834 1050 1898 editorem
1064 1833 1160 1898 fuisse
1174 1841 1269 1898 antea
1282 1835 1560 1918 comprobavimus

219 1973 326 2018 omnes
347 1952 501 2036 epistulas
521 1951 697 2029 Tullianae,
724 1973 806 2032 quae
826 1972 967 2032 unquam
985 1952 1090 2016 editae
1111 1960 1229 2029 essent,
1258 1952 1426 2035 collegisse
1451 1955 1483 2016 in
1506 1975 1560 2018 vo-

215 2070 335 2136 lumina
355 2070 510 2146 retulisse,
532 2069 666 2134 edidisse
688 2091 725 2134 eo
745 2069 930 2146 ostenditur,
951 2069 1037 2149 quod
1059 2068 1221 2150 epistulae,
1244 2090 1326 2150 quae
1348 2072 1461 2134 iamin
1478 2071 1559 2136 libro

216 2188 301 2254 XIII.
324 2188 480 2270 leguntur,
510 2209 639 2270 prorsus
660 2189 819 2252 seiunctae
842 2194 917 2251 sunt
936 2208 956 2250 a
977 2207 1107 2250 numero
1128 2186 1323 2267 reliquarum
1344 2187 1558 2271 epistularum,

216 2327 317 2387 neque
336 2305 419 2370 alter
440 2305 571 2386 quidam
587 2313 655 2370 tam
671 2303 814 2384 religiose
830 2303 1022 2387 praevidisse
1036 2303 1198 2386 putandus
1212 2311 1268 2382 est,
1290 2326 1329 2369 ne
1343 2325 1408 2385 qua
1423 2307 1558 2388 epistula

214 2427 248 2488 in
269 2445 327 2489 sua
349 2423 486 2487 editione
511 2424 560 2501 sit,
581 2443 663 2504 quae
683 2423 747 2486 iam
768 2423 802 2486 in
823 2423 928 2503 priore
949 2421 1088 2502 quadam
1107 2421 1211 2490 fuerit.
1247 2420 1340 2487 Nunc
1356 2444 1430 2490 vero
1447 2445 1559 2504 quem-

216 2563 312 2624 quam
331 2542 414 2605 libro
435 2539 490 2604 IV.
514 2547 604 2619 1-4,
633 2545 661 2618 6,
694 2544 731 2602 12
753 2539 907 2622 epistulae
936 2540 978 2604 ad
1001 2539 1175 2621 Sulpicium
1196 2541 1287 2606 annis
1313 2545 1382 2618 705,
1406 2545 1474 2618 tes,
1499 2546 1557 2604 700

160 2678 161 2688 ’
216 2662 309 2724 datae
339 2667 436 2742 atque
466 2658 548 2724 libro
570 2657 656 2722 XIII.
679 2662 843 2738 (ll-26⁸)
871 2657 1016 2722 undecim
1047 2658 1200 2739 epistulae
1223 2657 1496 2724 commendatitiae
1515 2658 1560 2723 le-

216 2785 334 2861 guntur
356 2778 398 2842 ad
418 2776 554 2844 eundem
572 2783 606 2841 et
625 2777 734 2840 eodem
756 2797 863 2840 omnes
883 2795 966 2838 anno
991 2779 1048 2838 700
1077 2776 1185 2853 datae,
1214 2783 1322 2840 tamen
1342 2775 1430 2840 nulla
1451 2797 1559 2840 earum

218 2897 301 2961 binis
331 2895 484 2977 exemplis
511 2894 632 2960 traua
660 2900 717 2958 est.
759 2892 870 2974 Neque
895 2892 988 2958 aliter
1008 2894 1145 2975 epistula
1165 2893 1205 2958 11.
1231 2899 1278 2972 Is,
1301 2915 1400 2975 quum
1420 2894 1559 2958 eimdom

212 3014 291 3077 ‘anni
313 3016 373 3075 703
403 3013 458 3090 sit,
488 3020 585 3093 atque
612 3018 679 3076 tres
700 3011 854 3094 epistulae
874 3012 1149 3076 commendatitiae
1171 3012 1213 3076 ad
1234 3011 1368 3079 eundem
1389 3011 1559 3076 Minutium

219 3130 391 3196 Thermum
409 3131 504 3196 datae
530 3129 629 3210 (XIII.
648 3135 696 3207 53,
720 3137 767 3207 55,
790 3135 852 3210 56),
874 3137 981 3194 tamen
1002 3130 1086 3194 inter
1108 3129 1167 3194 has
1189 3152 1252 3196 non
1274 3137 1331 3194 est.
1371 3128 1464 3206 Quod
1485 3151 1557 3196 vero

216 3250 249 3312 in
277 3249 383 3314 codice
410 3247 550 3315 Mediceo
578 3255 719 3314 extremo
745 3247 812 3314 fere
839 3247 922 3312 libro
946 3246 1032 3310 XIII.
1062 3247 1191 3312 eaedem
1218 3246 1299 3312 duae
1327 3248 1480 3329 epistulae
1507 3269 1558 3314 re·

219 3368 392 3449 periuntur,
413 3373 590 3447 quaesunt
610 3367 644 3430 in
665 3365 747 3432 libro
768 3365 838 3428 XII.
861 3366 1131 3447 vicesimaprima
1152 3371 1185 3428 et
1206 3347 1455 3444 undetricesima,
1486 3365 1559 3432 hine

216 3492 325 3566 postea
348 3484 475 3550 demum
495 3485 722 3566 transscriptae
744 3505 811 3548 esse
830 3485 894 3548 iam
915 3483 978 3548 alia
999 3483 1039 3548 de
1061 3502 1156 3548 causa
1178 3483 1263 3548 visae
1284 3490 1368 3549 sunt.

322 3602 490 3668 Praeterea
519 3602 636 3668 librum
660 3601 746 3666 XIII.
767 3601 802 3665 id
831 3623 904 3666 eum
931 3600 1022 3664 llbris
1042 3600 1154 3678 I-IX,
1176 3599 1258 3678 XIV,
1281 3599 1348 3678 XV,
1370 3599 1445 3665 XVI
1474 3621 1559 3666 com-

215 3741 310 3784 mune
337 3719 455 3785 habere
482 3726 631 3803 apparet,
659 3719 746 3800 quod
772 3719 893 3784 nullam
922 3719 1090 3800 epistulam
1116 3719 1269 3795 continet,
1298 3738 1380 3798 quae
1401 3724 1473 3800 post
1493 3739 1559 3782 me·

217 3837 304 3902 dium
332 3859 451 3902 anuum
481 3841 540 3901 710
570 3838 647 3902 data
676 3837 734 3914 sit3
763 3836 797 3900 id
826 3836 911 3916 quod
941 3836 1038 3900 etiam
1057 3837 1173 3900 mirum
1193 3842 1349 3918 quantum
1370 3834 1412 3900 ad
1433 3842 1559 3901 senten-

111 4000 116 4006 -
217 3957 294 4019 tiam
316 3962 428 4038 aptum
449 3962 511 4033 est,
542 3975 606 4035 qua
634 3955 721 4020 hunc
739 3955 910 4019 tenninum
940 3953 1036 4018 fuisse
1056 3954 1232 4035 posuimus,
1261 3960 1451 4034 antequem
1473 3954 1559 4036 prior

217 4094 291 4155 pars
319 4073 510 4142 collectionis
539 4073 711 4154 composita
737 4079 833 4153 atque
863 4071 1017 4149 coniecta,
1047 4077 1178 4153 etpost
1205 4090 1301 4151 quem
1327 4070 1429 4136 altera
1448 4077 1560 4153 coepta

218 4191 260 4254 sit
280 4192 414 4256 institui.

323 4307 405 4374 Tum
435 4309 531 4376 etiam
553 4308 700 4378 Tironem
728 4328 791 4376 nou
812 4309 858 4371 ita
879 4306 980 4372 multo
1000 4313 1075 4372 ante
1096 4305 1180 4370 hunc
1202 4304 1373 4368 terminum
1394 4303 1559 4370 eonsilium

218 4426 426 4508 epistularum
448 4425 695 4506 colligendarum
710 4426 829 4507 cepisse
844 4432 942 4506 atque
956 4443 1137 4512 aggressum
1153 4443 1219 4486 esse
1234 4442 1252 4485 e
1273 4422 1433 4503 paucitate
1447 4441 1557 4485 earum

205 4543 426 4636 epistularum
453 4541 533 4608 effici
563 4544 692 4626 cogique
715 4550 828 4625 potest,
857 4563 938 4623 quae
962 4547 1036 4605 sunt
1064 4541 1389 4622 priorumannorum.
1430 4536 1512 4600 Nam
1534 4540 1558 4602 si

220 4659 420 4740 conferimus,
449 4681 512 4742 quo
539 4667 680 4744 tempore
708 4659 776 4724 Ioh.
800 4660 840 4724 de
862 4658 994 4736 Gruber,
1022 4656 1289 4740 Baiter-Kayser,
1318 4653 1560 4734 Wesenbergius

1377 4773 1395 4828 2
