<?xml version="1.0" encoding="UTF-8"?>
<!DOCTYPE html PUBLIC "-//W3C//DTD XHTML 1.0 Transitional//EN"
    "http://www.w3.org/TR/xhtml1/DTD/xhtml1-transitional.dtd">
<html xmlns="http://www.w3.org/1999/xhtml" xml:lang="en" lang="en">
 <head>
  <title>
</title>
<meta http-equiv="Content-Type" content="text/html;charset=utf-8" />
  <meta name='ocr-system' content='tesseract 3.04.00' />
  <meta name='ocr-capabilities' content='ocr_page ocr_carea ocr_par ocr_line ocrx_word'/>
</head>
<body>
  <div class='ocr_page' id='page_1' title='image "./demtulliciceron01gurlgoog_0048.png"; bbox 0 0 3586 5266; ppageno 0'>
   <div class='ocr_carea' id='block_1_1' title="bbox 898 207 937 266">
    <p class='ocr_par' dir='ltr' id='par_1_1' title="bbox 898 207 937 266">
     <span class='ocr_line' id='line_1_1' title="bbox 898 207 937 266; baseline 0 0"><span class='ocrx_word' id='word_1_1' title='bbox 898 207 937 266; x_wconf 87' lang='lat'>41</span> 
     </span>
    </p>
   </div>
   <div class='ocr_carea' id='block_1_2' title="bbox 817 291 1021 302">
    <p class='ocr_par' dir='ltr' id='par_1_2' title="bbox 817 291 1021 302">
     <span class='ocr_line' id='line_1_2' title="bbox 817 291 1021 302; baseline -0.01 -2"><span class='ocrx_word' id='word_1_2' title='bbox 817 291 1021 302; x_wconf 72' lang='lat'><em>——-———-</em></span> 
     </span>
    </p>
   </div>
   <div class='ocr_carea' id='block_1_3' title="bbox 203 469 1598 2790">
    <p class='ocr_par' dir='ltr' id='par_1_3' title="bbox 248 469 1591 770">
     <span class='ocr_line' id='line_1_3' title="bbox 292 469 1591 552; baseline -0.003 -14"><span class='ocrx_word' id='word_1_3' title='bbox 292 530 295 538; x_wconf 90' lang='lat'>.</span> <span class='ocrx_word' id='word_1_4' title='bbox 356 471 442 548; x_wconf 83' lang='lat' dir='ltr'>Quae</span> <span class='ocrx_word' id='word_1_5' title='bbox 469 492 568 551; x_wconf 92' lang='lat' dir='ltr'>quum</span> <span class='ocrx_word' id='word_1_6' title='bbox 593 473 639 534; x_wconf 92' lang='lat' dir='ltr'>ita</span> <span class='ocrx_word' id='word_1_7' title='bbox 667 473 730 535; x_wconf 89' lang='lat' dir='ltr'>sint</span> <span class='ocrx_word' id='word_1_8' title='bbox 760 470 911 552; x_wconf 71' lang='lat' dir='ltr'>epistulas</span> <span class='ocrx_word' id='word_1_9' title='bbox 939 469 1089 536; x_wconf 87' lang='lat' dir='ltr'>Brutinas</span> <span class='ocrx_word' id='word_1_10' title='bbox 1118 491 1179 532; x_wconf 93' lang='lat' dir='ltr'>non</span> <span class='ocrx_word' id='word_1_11' title='bbox 1207 469 1308 533; x_wconf 92' lang='lat' dir='ltr'>solum</span> <span class='ocrx_word' id='word_1_12' title='bbox 1337 471 1446 533; x_wconf 88' lang='lat' dir='ltr'>cedem</span> <span class='ocrx_word' id='word_1_13' title='bbox 1474 471 1591 548; x_wconf 78' lang='lat' dir='ltr'>ordine,</span> 
     </span>
     <span class='ocr_line' id='line_1_4' title="bbox 250 587 1591 670; baseline -0.001 -18"><span class='ocrx_word' id='word_1_14' title='bbox 250 609 312 668; x_wconf 91' lang='lat' dir='ltr'>quo</span> <span class='ocrx_word' id='word_1_15' title='bbox 335 589 442 652; x_wconf 89' lang='lat' dir='ltr'>Cicero</span> <span class='ocrx_word' id='word_1_16' title='bbox 463 609 516 653; x_wconf 92' lang='lat' dir='ltr'>eas</span> <span class='ocrx_word' id='word_1_17' title='bbox 538 595 571 652; x_wconf 93' lang='lat' dir='ltr'>et</span> <span class='ocrx_word' id='word_1_18' title='bbox 592 588 681 652; x_wconf 88' lang='lat' dir='ltr'>dedit</span> <span class='ocrx_word' id='word_1_19' title='bbox 702 595 735 652; x_wconf 91' lang='lat' dir='ltr'>et</span> <span class='ocrx_word' id='word_1_20' title='bbox 754 590 866 652; x_wconf 86' lang='lat' dir='ltr'>missas</span> <span class='ocrx_word' id='word_1_21' title='bbox 887 589 1015 670; x_wconf 87' lang='lat' dir='ltr'>accepit,</span> <span class='ocrx_word' id='word_1_22' title='bbox 1044 587 1100 652; x_wconf 89' lang='lat' dir='ltr'>sed</span> <span class='ocrx_word' id='word_1_23' title='bbox 1122 589 1218 651; x_wconf 90' lang='lat' dir='ltr'>otiam</span> <span class='ocrx_word' id='word_1_24' title='bbox 1240 589 1379 668; x_wconf 84' lang='lat' dir='ltr'>integras</span> <span class='ocrx_word' id='word_1_25' title='bbox 1401 589 1503 652; x_wconf 86' lang='lat' dir='ltr'>editas</span> <span class='ocrx_word' id='word_1_26' title='bbox 1524 609 1591 652; x_wconf 89' lang='lat' dir='ltr'>esse</span> 
     </span>
     <span class='ocr_line' id='line_1_5' title="bbox 248 704 875 770; baseline -0.002 -2"><span class='ocrx_word' id='word_1_27' title='bbox 248 707 282 768; x_wconf 90' lang='lat' dir='ltr'>in</span> <span class='ocrx_word' id='word_1_28' title='bbox 305 708 488 770; x_wconf 90' lang='lat' dir='ltr'>universum</span> <span class='ocrx_word' id='word_1_29' title='bbox 510 713 649 770; x_wconf 89' lang='lat' dir='ltr'>statuere</span> <span class='ocrx_word' id='word_1_30' title='bbox 670 727 734 769; x_wconf 92' lang='lat' dir='ltr'>non</span> <span class='ocrx_word' id='word_1_31' title='bbox 756 704 875 769; x_wconf 89' lang='lat' dir='ltr'>dubito.</span> 
     </span>
    </p>

    <p class='ocr_par' dir='ltr' id='par_1_4' title="bbox 203 822 1594 1612">
     <span class='ocr_line' id='line_1_6' title="bbox 354 822 1593 907; baseline -0.002 -19"><span class='ocrx_word' id='word_1_32' title='bbox 354 823 464 905; x_wconf 88' lang='lat' dir='ltr'>Neque</span> <span class='ocrx_word' id='word_1_33' title='bbox 490 825 688 907; x_wconf 88' lang='lat' dir='ltr'>inopinatum</span> <span class='ocrx_word' id='word_1_34' title='bbox 716 823 776 886; x_wconf 91' lang='lat' dir='ltr'>hoc</span> <span class='ocrx_word' id='word_1_35' title='bbox 796 822 887 887; x_wconf 90' lang='lat' dir='ltr'>nobis</span> <span class='ocrx_word' id='word_1_36' title='bbox 909 825 1022 899; x_wconf 75' lang='lat' dir='ltr'>evasit,</span> <span class='ocrx_word' id='word_1_37' title='bbox 1050 822 1136 902; x_wconf 91' lang='lat' dir='ltr'>quod</span> <span class='ocrx_word' id='word_1_38' title='bbox 1157 823 1262 904; x_wconf 92' lang='lat' dir='ltr'>potius</span> <span class='ocrx_word' id='word_1_39' title='bbox 1282 843 1354 885; x_wconf 92' lang='lat' dir='ltr'>cum</span> <span class='ocrx_word' id='word_1_40' title='bbox 1375 845 1412 886; x_wconf 90' lang='lat' dir='ltr'>oa</span> <span class='ocrx_word' id='word_1_41' title='bbox 1436 823 1593 886; x_wconf 88' lang='lat' dir='ltr'>sententia</span> 
     </span>
     <span class='ocr_line' id='line_1_7' title="bbox 251 913 1593 1024; baseline 0 -20"><span class='ocrx_word' id='word_1_42' title='bbox 251 962 379 1023; x_wconf 89' lang='lat' dir='ltr'>prorsus</span> <span class='ocrx_word' id='word_1_43' title='bbox 409 913 566 1024; x_wconf 82' lang='lat' dir='ltr'>congruit,</span> <span class='ocrx_word' id='word_1_44' title='bbox 603 963 699 1022; x_wconf 91' lang='lat' dir='ltr'>quam</span> <span class='ocrx_word' id='word_1_45' title='bbox 726 941 765 1004; x_wconf 91' lang='lat' dir='ltr'>de</span> <span class='ocrx_word' id='word_1_46' title='bbox 792 943 911 1022; x_wconf 82' lang='lat' dir='ltr'>origine</span> <span class='ocrx_word' id='word_1_47' title='bbox 938 948 971 1004; x_wconf 89' lang='lat' dir='ltr'>et</span> <span class='ocrx_word' id='word_1_48' title='bbox 998 941 1037 1004; x_wconf 94' lang='lat' dir='ltr'>de</span> <span class='ocrx_word' id='word_1_49' title='bbox 1067 942 1169 1022; x_wconf 90' lang='lat' dir='ltr'>prima</span> <span class='ocrx_word' id='word_1_50' title='bbox 1198 940 1376 1004; x_wconf 88' lang='lat' dir='ltr'>conditione</span> <span class='ocrx_word' id='word_1_51' title='bbox 1402 940 1593 1004; x_wconf 81' lang='lat' dir='ltr'>collectionis</span> 
     </span>
     <span class='ocr_line' id='line_1_8' title="bbox 251 1057 1593 1142; baseline -0.001 -21"><span class='ocrx_word' id='word_1_52' title='bbox 251 1058 437 1124; x_wconf 88' lang='lat' dir='ltr'>Tironiauae</span> <span class='ocrx_word' id='word_1_53' title='bbox 458 1059 687 1142; x_wconf 89' lang='lat' dir='ltr'>proposuimus.</span> <span class='ocrx_word' id='word_1_54' title='bbox 730 1058 842 1140; x_wconf 87' lang='lat' dir='ltr'>Itaque</span> <span class='ocrx_word' id='word_1_55' title='bbox 864 1059 897 1122; x_wconf 89' lang='lat' dir='ltr'>id</span> <span class='ocrx_word' id='word_1_56' title='bbox 922 1060 1007 1139; x_wconf 91' lang='lat' dir='ltr'>quod</span> <span class='ocrx_word' id='word_1_57' title='bbox 1030 1057 1181 1140; x_wconf 89' lang='lat' dir='ltr'>exemplis</span> <span class='ocrx_word' id='word_1_58' title='bbox 1203 1058 1411 1140; x_wconf 81' lang='lat' dir='ltr'>epistularum</span> <span class='ocrx_word' id='word_1_59' title='bbox 1432 1059 1474 1122; x_wconf 89' lang='lat' dir='ltr'>ad</span> <span class='ocrx_word' id='word_1_60' title='bbox 1503 1058 1593 1122; x_wconf 86' lang='lat' dir='ltr'>fami-</span> 
     </span>
     <span class='ocr_line' id='line_1_9' title="bbox 203 1176 1593 1262; baseline -0.001 -21"><span class='ocrx_word' id='word_1_61' title='bbox 203 1253 207 1262; x_wconf 40' lang='grc'><strong>,</strong></span> <span class='ocrx_word' id='word_1_62' title='bbox 250 1177 351 1255; x_wconf 77' lang='lat' dir='ltr'>lieres,</span> <span class='ocrx_word' id='word_1_63' title='bbox 375 1179 416 1241; x_wconf 91' lang='lat' dir='ltr'>ad</span> <span class='ocrx_word' id='word_1_64' title='bbox 439 1178 592 1255; x_wconf 86' lang='lat' dir='ltr'>Quintum</span> <span class='ocrx_word' id='word_1_65' title='bbox 612 1177 750 1254; x_wconf 76' lang='lat' dir='ltr'>fratrem,</span> <span class='ocrx_word' id='word_1_66' title='bbox 779 1177 821 1240; x_wconf 91' lang='lat' dir='ltr'>ad</span> <span class='ocrx_word' id='word_1_67' title='bbox 842 1176 883 1238; x_wconf 92' lang='lat' dir='ltr'>M.</span> <span class='ocrx_word' id='word_1_68' title='bbox 906 1176 1041 1240; x_wconf 80' lang='lat' dir='ltr'>Brutum</span> <span class='ocrx_word' id='word_1_69' title='bbox 1064 1176 1264 1258; x_wconf 84' lang='lat' dir='ltr'>exploratum</span> <span class='ocrx_word' id='word_1_70' title='bbox 1286 1184 1342 1254; x_wconf 86' lang='lat' dir='ltr'>est,</span> <span class='ocrx_word' id='word_1_71' title='bbox 1371 1176 1479 1240; x_wconf 91' lang='lat' dir='ltr'>eodem</span> <span class='ocrx_word' id='word_1_72' title='bbox 1500 1178 1593 1240; x_wconf 91' lang='lat' dir='ltr'>modo</span> 
     </span>
     <span class='ocr_line' id='line_1_10' title="bbox 251 1271 1593 1377; baseline 0.001 -21"><span class='ocrx_word' id='word_1_73' title='bbox 251 1295 284 1358; x_wconf 92' lang='lat' dir='ltr'>in</span> <span class='ocrx_word' id='word_1_74' title='bbox 306 1295 436 1377; x_wconf 87' lang='lat' dir='ltr'>perditis</span> <span class='ocrx_word' id='word_1_75' title='bbox 457 1295 547 1358; x_wconf 89' lang='lat' dir='ltr'>libris</span> <span class='ocrx_word' id='word_1_76' title='bbox 568 1271 703 1359; x_wconf 74' lang='lat' dir='ltr'>ualuisse</span> <span class='ocrx_word' id='word_1_77' title='bbox 725 1295 902 1376; x_wconf 90' lang='lat' dir='ltr'>putandum</span> <span class='ocrx_word' id='word_1_78' title='bbox 919 1301 975 1372; x_wconf 84' lang='lat' dir='ltr'>est,</span> <span class='ocrx_word' id='word_1_79' title='bbox 996 1296 1043 1358; x_wconf 91' lang='lat' dir='ltr'>ita</span> <span class='ocrx_word' id='word_1_80' title='bbox 1059 1301 1096 1358; x_wconf 89' lang='lat' dir='ltr'>ut</span> <span class='ocrx_word' id='word_1_81' title='bbox 1116 1295 1171 1374; x_wconf 91' lang='lat' dir='ltr'>qui</span> <span class='ocrx_word' id='word_1_82' title='bbox 1193 1295 1345 1377; x_wconf 85' lang='lat' dir='ltr'>epistulas</span> <span class='ocrx_word' id='word_1_83' title='bbox 1365 1301 1440 1358; x_wconf 90' lang='lat' dir='ltr'>ante</span> <span class='ocrx_word' id='word_1_84' title='bbox 1454 1294 1593 1358; x_wconf 89' lang='lat' dir='ltr'>medium</span> 
     </span>
     <span class='ocr_line' id='line_1_11' title="bbox 252 1411 1594 1497; baseline -0.001 -21"><span class='ocrx_word' id='word_1_85' title='bbox 252 1433 370 1476; x_wconf 90' lang='lat' dir='ltr'>annum</span> <span class='ocrx_word' id='word_1_86' title='bbox 403 1417 461 1476; x_wconf 77' lang='lat'>710</span> <span class='ocrx_word' id='word_1_87' title='bbox 484 1414 575 1478; x_wconf 88' lang='lat' dir='ltr'>datas</span> <span class='ocrx_word' id='word_1_88' title='bbox 601 1413 812 1497; x_wconf 76' lang='lat' dir='ltr'>continuerint</span> <span class='ocrx_word' id='word_1_89' title='bbox 840 1411 903 1476; x_wconf 88' lang='lat' dir='ltr'>alia</span> <span class='ocrx_word' id='word_1_90' title='bbox 931 1414 1054 1476; x_wconf 89' lang='lat' dir='ltr'>ratione</span> <span class='ocrx_word' id='word_1_91' title='bbox 1076 1413 1240 1494; x_wconf 90' lang='lat' dir='ltr'>compositi</span> <span class='ocrx_word' id='word_1_92' title='bbox 1262 1412 1393 1491; x_wconf 80' lang='lat' dir='ltr'>fuerint,</span> <span class='ocrx_word' id='word_1_93' title='bbox 1421 1433 1524 1492; x_wconf 89' lang='lat' dir='ltr'>quam</span> <span class='ocrx_word' id='word_1_94' title='bbox 1539 1413 1594 1493; x_wconf 88' lang='lat' dir='ltr'>qui</span> 
     </span>
     <span class='ocr_line' id='line_1_12' title="bbox 253 1530 924 1612; baseline -0.003 -18"><span class='ocrx_word' id='word_1_95' title='bbox 253 1530 405 1612; x_wconf 81' lang='lat' dir='ltr'>epistulas</span> <span class='ocrx_word' id='word_1_96' title='bbox 425 1532 499 1596; x_wconf 87' lang='lat' dir='ltr'>inde</span> <span class='ocrx_word' id='word_1_97' title='bbox 521 1531 561 1595; x_wconf 92' lang='lat' dir='ltr'>ab</span> <span class='ocrx_word' id='word_1_98' title='bbox 585 1530 645 1594; x_wconf 90' lang='lat' dir='ltr'>hoc</span> <span class='ocrx_word' id='word_1_99' title='bbox 666 1532 800 1594; x_wconf 91' lang='lat' dir='ltr'>termino</span> <span class='ocrx_word' id='word_1_100' title='bbox 823 1530 924 1594; x_wconf 89' lang='lat' dir='ltr'>datas.</span> 
     </span>
    </p>

    <p class='ocr_par' dir='ltr' id='par_1_5' title="bbox 252 1630 1594 1963">
     <span class='ocr_line' id='line_1_13' title="bbox 358 1630 1594 1730; baseline -0.001 -19"><span class='ocrx_word' id='word_1_101' title='bbox 358 1630 463 1730; x_wconf 80' lang='lat' dir='ltr'>Atque</span> <span class='ocrx_word' id='word_1_102' title='bbox 498 1648 592 1730; x_wconf 88' lang='lat' dir='ltr'>paulo</span> <span class='ocrx_word' id='word_1_103' title='bbox 626 1649 803 1713; x_wconf 86' lang='lat' dir='ltr'>accuratius</span> <span class='ocrx_word' id='word_1_104' title='bbox 835 1648 942 1712; x_wconf 91' lang='lat' dir='ltr'>licebit</span> <span class='ocrx_word' id='word_1_105' title='bbox 980 1648 1019 1711; x_wconf 90' lang='lat' dir='ltr'>de</span> <span class='ocrx_word' id='word_1_106' title='bbox 1048 1647 1225 1712; x_wconf 89' lang='lat' dir='ltr'>conditione</span> <span class='ocrx_word' id='word_1_107' title='bbox 1253 1647 1447 1729; x_wconf 86' lang='lat' dir='ltr'>singulorum</span> <span class='ocrx_word' id='word_1_108' title='bbox 1479 1647 1594 1710; x_wconf 92' lang='lat' dir='ltr'>horum</span> 
     </span>
     <span class='ocr_line' id='line_1_14' title="bbox 252 1765 1594 1848; baseline 0 -20"><span class='ocrx_word' id='word_1_109' title='bbox 252 1785 418 1847; x_wconf 89' lang='lat' dir='ltr'>corporum</span> <span class='ocrx_word' id='word_1_110' title='bbox 439 1765 600 1843; x_wconf 85' lang='lat' dir='ltr'>disserere,</span> <span class='ocrx_word' id='word_1_111' title='bbox 625 1787 724 1846; x_wconf 88' lang='lat' dir='ltr'>quum</span> <span class='ocrx_word' id='word_1_112' title='bbox 745 1767 925 1830; x_wconf 88' lang='lat' dir='ltr'>testimonia</span> <span class='ocrx_word' id='word_1_113' title='bbox 946 1767 1149 1846; x_wconf 89' lang='lat' dir='ltr'>antiquorum</span> <span class='ocrx_word' id='word_1_114' title='bbox 1170 1767 1360 1848; x_wconf 85' lang='lat' dir='ltr'>scriptorum</span> <span class='ocrx_word' id='word_1_115' title='bbox 1379 1766 1594 1830; x_wconf 88' lang='lat' dir='ltr'>ratiocinatio—</span> 
     </span>
     <span class='ocr_line' id='line_1_15' title="bbox 252 1882 958 1963; baseline 0.004 -19"><span class='ocrx_word' id='word_1_116' title='bbox 252 1882 344 1947; x_wconf 87' lang='lat' dir='ltr'>nibus</span> <span class='ocrx_word' id='word_1_117' title='bbox 368 1884 484 1948; x_wconf 90' lang='lat' dir='ltr'>nostris</span> <span class='ocrx_word' id='word_1_118' title='bbox 506 1883 737 1963; x_wconf 88' lang='lat' dir='ltr'>quodammodo</span> <span class='ocrx_word' id='word_1_119' title='bbox 762 1883 958 1948; x_wconf 84' lang='lat' dir='ltr'>subveniant.</span> 
     </span>
    </p>

    <p class='ocr_par' dir='ltr' id='par_1_6' title="bbox 252 1999 1598 2790">
     <span class='ocr_line' id='line_1_16' title="bbox 357 1999 1595 2084; baseline -0.002 -20"><span class='ocrx_word' id='word_1_120' title='bbox 357 2001 575 2084; x_wconf 88' lang='lat' dir='ltr'>Epistularum</span> <span class='ocrx_word' id='word_1_121' title='bbox 596 2003 637 2066; x_wconf 93' lang='lat' dir='ltr'>ad</span> <span class='ocrx_word' id='word_1_122' title='bbox 657 2001 840 2084; x_wconf 89' lang='lat' dir='ltr'>Pompeium</span> <span class='ocrx_word' id='word_1_123' title='bbox 862 2002 981 2066; x_wconf 89' lang='lat' dir='ltr'>Nonius</span> <span class='ocrx_word' id='word_1_124' title='bbox 1005 2009 1093 2084; x_wconf 84' lang='lat' dir='ltr'>(pag.</span> <span class='ocrx_word' id='word_1_125' title='bbox 1118 2005 1260 2079; x_wconf 73' lang='grc'><strong>19137)</strong></span> <span class='ocrx_word' id='word_1_126' title='bbox 1283 1999 1400 2064; x_wconf 92' lang='lat' dir='ltr'>librum</span> <span class='ocrx_word' id='word_1_127' title='bbox 1421 1999 1595 2076; x_wconf 60' lang='grc'><strong>11111111,</strong></span> 
     </span>
     <span class='ocr_line' id='line_1_17' title="bbox 254 2117 1595 2202; baseline -0.001 -21"><span class='ocrx_word' id='word_1_128' title='bbox 254 2139 353 2201; x_wconf 90' lang='lat' dir='ltr'>neque</span> <span class='ocrx_word' id='word_1_129' title='bbox 386 2120 433 2184; x_wconf 90' lang='lat' dir='ltr'>ita</span> <span class='ocrx_word' id='word_1_130' title='bbox 466 2120 567 2184; x_wconf 92' lang='lat' dir='ltr'>multo</span> <span class='ocrx_word' id='word_1_131' title='bbox 599 2120 706 2202; x_wconf 87' lang='lat' dir='ltr'>plures</span> <span class='ocrx_word' id='word_1_132' title='bbox 741 2119 841 2184; x_wconf 91' lang='lat' dir='ltr'>editas</span> <span class='ocrx_word' id='word_1_133' title='bbox 874 2119 969 2184; x_wconf 84' lang='lat' dir='ltr'>fuisse</span> <span class='ocrx_word' id='word_1_134' title='bbox 1004 2120 1107 2182; x_wconf 89' lang='lat' dir='ltr'>nescio</span> <span class='ocrx_word' id='word_1_135' title='bbox 1143 2139 1184 2182; x_wconf 92' lang='lat' dir='ltr'>an</span> <span class='ocrx_word' id='word_1_136' title='bbox 1212 2117 1306 2181; x_wconf 90' lang='lat' dir='ltr'>liceat</span> <span class='ocrx_word' id='word_1_137' title='bbox 1339 2118 1413 2181; x_wconf 89' lang='lat' dir='ltr'>inde</span> <span class='ocrx_word' id='word_1_138' title='bbox 1450 2117 1595 2197; x_wconf 84' lang='lat' dir='ltr'>colligere</span> 
     </span>
     <span class='ocr_line' id='line_1_18' title="bbox 254 2234 1594 2320; baseline -0.002 -19"><span class='ocrx_word' id='word_1_139' title='bbox 254 2276 292 2284; x_wconf 85' lang='lat'>—</span> <span class='ocrx_word' id='word_1_140' title='bbox 316 2239 472 2317; x_wconf 89' lang='lat' dir='ltr'>siquidem</span> <span class='ocrx_word' id='word_1_141' title='bbox 499 2240 595 2302; x_wconf 88' lang='lat' dir='ltr'>etiam</span> <span class='ocrx_word' id='word_1_142' title='bbox 620 2238 680 2302; x_wconf 89' lang='lat' dir='ltr'>hae</span> <span class='ocrx_word' id='word_1_143' title='bbox 705 2238 859 2320; x_wconf 89' lang='lat' dir='ltr'>epistulae</span> <span class='ocrx_word' id='word_1_144' title='bbox 886 2234 1594 2316; x_wconf 71' lang='grc'><strong>1111111111111111111111111111111111</strong></span> 
     </span>
     <span class='ocr_line' id='line_1_19' title="bbox 253 2352 1596 2438; baseline 0 -22"><span class='ocrx_word' id='word_1_145' title='bbox 253 2357 407 2419; x_wconf 90' lang='lat' dir='ltr'>rationem</span> <span class='ocrx_word' id='word_1_146' title='bbox 433 2355 605 2438; x_wconf 84' lang='lat' dir='ltr'>dispositae</span> <span class='ocrx_word' id='word_1_147' title='bbox 635 2363 726 2418; x_wconf 91' lang='lat' dir='ltr'>erant</span> <span class='ocrx_word' id='word_1_148' title='bbox 750 2393 787 2402; x_wconf 74' lang='lat'>-</span> <span class='ocrx_word' id='word_1_149' title='bbox 809 2355 896 2435; x_wconf 89' lang='lat' dir='ltr'>quod</span> <span class='ocrx_word' id='word_1_150' title='bbox 917 2354 1052 2436; x_wconf 91' lang='lat' dir='ltr'>epistula</span> <span class='ocrx_word' id='word_1_151' title='bbox 1080 2355 1135 2417; x_wconf 90' lang='lat' dir='ltr'>illa</span> <span class='ocrx_word' id='word_1_152' title='bbox 1156 2376 1173 2418; x_wconf 88' lang='grc'>1</span> <span class='ocrx_word' id='word_1_153' title='bbox 1194 2352 1277 2416; x_wconf 92' lang='lat' dir='ltr'>libro</span> <span class='ocrx_word' id='word_1_154' title='bbox 1298 2352 1351 2415; x_wconf 93' lang='lat' dir='ltr'>lV.</span> <span class='ocrx_word' id='word_1_155' title='bbox 1375 2353 1542 2435; x_wconf 88' lang='lat' dir='ltr'>desumpta</span> <span class='ocrx_word' id='word_1_156' title='bbox 1564 2361 1596 2416; x_wconf 93' lang='lat' dir='ltr'>et</span> 
     </span>
     <span class='ocr_line' id='line_1_20' title="bbox 253 2471 1596 2555; baseline -0.003 -17"><span class='ocrx_word' id='word_1_157' title='bbox 253 2473 402 2555; x_wconf 85' lang='lat' dir='ltr'>smgulari</span> <span class='ocrx_word' id='word_1_158' title='bbox 430 2475 569 2555; x_wconf 92' lang='lat' dir='ltr'>quodam</span> <span class='ocrx_word' id='word_1_159' title='bbox 596 2495 670 2538; x_wconf 89' lang='lat' dir='ltr'>casu</span> <span class='ocrx_word' id='word_1_160' title='bbox 700 2474 795 2537; x_wconf 88' lang='lat' dir='ltr'>etiam</span> <span class='ocrx_word' id='word_1_161' title='bbox 823 2474 855 2536; x_wconf 93' lang='lat' dir='ltr'>in</span> <span class='ocrx_word' id='word_1_162' title='bbox 876 2473 1019 2555; x_wconf 85' lang='lat' dir='ltr'>epistulis</span> <span class='ocrx_word' id='word_1_163' title='bbox 1041 2473 1082 2536; x_wconf 89' lang='lat' dir='ltr'>ad</span> <span class='ocrx_word' id='word_1_164' title='bbox 1104 2473 1245 2536; x_wconf 80' lang='lat' dir='ltr'>Atticum</span> <span class='ocrx_word' id='word_1_165' title='bbox 1268 2471 1364 2551; x_wconf 76' lang='lat' dir='ltr'>(Vlll,</span> <span class='ocrx_word' id='word_1_166' title='bbox 1395 2478 1438 2534; x_wconf 92' lang='grc'>11.</span> <span class='ocrx_word' id='word_1_167' title='bbox 1457 2471 1504 2550; x_wconf 81' lang='grc'>1))</span> <span class='ocrx_word' id='word_1_168' title='bbox 1530 2493 1596 2536; x_wconf 90' lang='lat' dir='ltr'>ser·</span> 
     </span>
     <span class='ocr_line' id='line_1_21' title="bbox 252 2589 1595 2672; baseline -0.001 -19"><span class='ocrx_word' id='word_1_169' title='bbox 252 2598 327 2656; x_wconf 85' lang='lat' dir='ltr'>vata</span> <span class='ocrx_word' id='word_1_170' title='bbox 346 2613 374 2656; x_wconf 90' lang='lat' dir='ltr'>a.</span> <span class='ocrx_word' id='word_1_171' title='bbox 390 2592 421 2655; x_wconf 89' lang='lat' dir='ltr'>d.</span> <span class='ocrx_word' id='word_1_172' title='bbox 436 2591 492 2654; x_wconf 86' lang='lat' dir='ltr'>Ill.</span> <span class='ocrx_word' id='word_1_173' title='bbox 508 2591 578 2656; x_wconf 90' lang='lat' dir='ltr'>Kal.</span> <span class='ocrx_word' id='word_1_174' title='bbox 597 2591 690 2656; x_wconf 88' lang='lat' dir='ltr'>Mart.</span> <span class='ocrx_word' id='word_1_175' title='bbox 711 2593 785 2654; x_wconf 87' lang='grc'><strong>1111</strong></span> <span class='ocrx_word' id='word_1_176' title='bbox 802 2595 861 2654; x_wconf 74' lang='lat' dir='ltr'>roo</span> <span class='ocrx_word' id='word_1_177' title='bbox 883 2591 960 2654; x_wconf 90' lang='lat' dir='ltr'>data</span> <span class='ocrx_word' id='word_1_178' title='bbox 981 2599 1037 2668; x_wconf 86' lang='grc'><strong>111,</strong></span> <span class='ocrx_word' id='word_1_179' title='bbox 1059 2597 1170 2672; x_wconf 89' lang='lat' dir='ltr'>postea</span> <span class='ocrx_word' id='word_1_180' title='bbox 1192 2597 1299 2654; x_wconf 91' lang='lat' dir='ltr'>autem</span> <span class='ocrx_word' id='word_1_181' title='bbox 1319 2589 1426 2671; x_wconf 91' lang='lat' dir='ltr'>plures</span> <span class='ocrx_word' id='word_1_182' title='bbox 1441 2589 1595 2672; x_wconf 87' lang='lat' dir='ltr'>epistulae</span> 
     </span>
     <span class='ocr_line' id='line_1_22' title="bbox 253 2707 1598 2790; baseline -0.002 -18"><span class='ocrx_word' id='word_1_183' title='bbox 253 2731 273 2772; x_wconf 91' lang='lat' dir='ltr'>a</span> <span class='ocrx_word' id='word_1_184' title='bbox 294 2709 440 2773; x_wconf 84' lang='lat' dir='ltr'>Cicerone</span> <span class='ocrx_word' id='word_1_185' title='bbox 467 2708 509 2774; x_wconf 89' lang='lat' dir='ltr'>ad</span> <span class='ocrx_word' id='word_1_186' title='bbox 531 2732 602 2773; x_wconf 91' lang='lat' dir='ltr'>eum</span> <span class='ocrx_word' id='word_1_187' title='bbox 625 2711 719 2774; x_wconf 89' lang='lat' dir='ltr'>datae</span> <span class='ocrx_word' id='word_1_188' title='bbox 741 2730 808 2773; x_wconf 92' lang='lat' dir='ltr'>esse</span> <span class='ocrx_word' id='word_1_189' title='bbox 828 2716 1005 2789; x_wconf 82' lang='lat' dir='ltr'>nequeunt3</span> <span class='ocrx_word' id='word_1_190' title='bbox 1035 2729 1109 2772; x_wconf 91' lang='lat' dir='ltr'>nam</span> <span class='ocrx_word' id='word_1_191' title='bbox 1129 2709 1196 2790; x_wconf 89' lang='lat' dir='ltr'>ipse</span> <span class='ocrx_word' id='word_1_192' title='bbox 1218 2728 1325 2772; x_wconf 92' lang='lat' dir='ltr'>mense</span> <span class='ocrx_word' id='word_1_193' title='bbox 1345 2707 1435 2770; x_wconf 89' lang='lat' dir='ltr'>lunio</span> <span class='ocrx_word' id='word_1_194' title='bbox 1458 2707 1598 2771; x_wconf 88' lang='lat' dir='ltr'>eiusdem</span> 
     </span>
    </p>
   </div>
   <div class='ocr_carea' id='block_1_4' title="bbox 254 2805 1597 2922">
    <p class='ocr_par' dir='ltr' id='par_1_7' title="bbox 254 2805 1597 2922">
     <span class='ocr_line' id='line_1_23' title="bbox 254 2805 1597 2922; baseline -0.001 -34"><span class='ocrx_word' id='word_1_195' title='bbox 254 2827 329 2888; x_wconf 90' lang='lat' dir='ltr'>anni</span> <span class='ocrx_word' id='word_1_196' title='bbox 349 2827 397 2922; x_wconf 85' lang='lat' dir='ltr'>ad</span> <span class='ocrx_word' id='word_1_197' title='bbox 409 2826 593 2908; x_wconf 88' lang='lat' dir='ltr'>Pompeium</span> <span class='ocrx_word' id='word_1_198' title='bbox 616 2827 774 2908; x_wconf 86' lang='lat' dir='ltr'>profectus</span> <span class='ocrx_word' id='word_1_199' title='bbox 794 2834 850 2904; x_wconf 79' lang='lat' dir='ltr'>est,</span> <span class='ocrx_word' id='word_1_200' title='bbox 872 2826 924 2890; x_wconf 91' lang='lat' dir='ltr'>hic</span> <span class='ocrx_word' id='word_1_201' title='bbox 947 2847 1020 2890; x_wconf 83' lang='lat' dir='ltr'>vero</span> <span class='ocrx_word' id='word_1_202' title='bbox 1042 2847 1070 2890; x_wconf 91' lang='lat' dir='ltr'>a.</span> <span class='ocrx_word' id='word_1_203' title='bbox 1093 2805 1184 2888; x_wconf 70' lang='lat' dir='ltr'>a&#39;v.</span> <span class='ocrx_word' id='word_1_204' title='bbox 1207 2825 1254 2888; x_wconf 91' lang='lat' dir='ltr'>Id.</span> <span class='ocrx_word' id='word_1_205' title='bbox 1278 2824 1363 2888; x_wconf 83' lang='lat' dir='ltr'>Sext.</span> <span class='ocrx_word' id='word_1_206' title='bbox 1387 2825 1474 2906; x_wconf 93' lang='lat' dir='ltr'>apud</span> <span class='ocrx_word' id='word_1_207' title='bbox 1495 2825 1597 2889; x_wconf 87' lang='lat' dir='ltr'>Phar·</span> 
     </span>
    </p>
   </div>
   <div class='ocr_carea' id='block_1_5' title="bbox 253 2942 1639 4080">
    <p class='ocr_par' dir='ltr' id='par_1_8' title="bbox 253 2942 1639 4080">
     <span class='ocr_line' id='line_1_24' title="bbox 254 2942 1598 3028; baseline 0 -22"><span class='ocrx_word' id='word_1_208' title='bbox 254 2943 357 3006; x_wconf 89' lang='lat' dir='ltr'>salum</span> <span class='ocrx_word' id='word_1_209' title='bbox 384 2945 486 3008; x_wconf 89' lang='lat' dir='ltr'>victus</span> <span class='ocrx_word' id='word_1_210' title='bbox 508 2944 658 3028; x_wconf 74' lang='lat' dir='ltr'>Praeceps</span> <span class='ocrx_word' id='word_1_211' title='bbox 678 2947 710 3008; x_wconf 93' lang='lat' dir='ltr'>in</span> <span class='ocrx_word' id='word_1_212' title='bbox 733 2946 912 3027; x_wconf 78' lang='lat' dir='ltr'>Aegyptum</span> <span class='ocrx_word' id='word_1_213' title='bbox 935 2944 1015 3025; x_wconf 83' lang='lat' dir='ltr'>fugit</span> <span class='ocrx_word' id='word_1_214' title='bbox 1047 2942 1154 3022; x_wconf 91' lang='lat' dir='ltr'>ibique</span> <span class='ocrx_word' id='word_1_215' title='bbox 1183 2943 1360 3006; x_wconf 86' lang='lat' dir='ltr'>trucidatus</span> <span class='ocrx_word' id='word_1_216' title='bbox 1388 2950 1445 3006; x_wconf 91' lang='lat' dir='ltr'>est.</span> <span class='ocrx_word' id='word_1_217' title='bbox 1490 2943 1598 3006; x_wconf 83' lang='lat' dir='ltr'>Etiam</span> 
     </span>
     <span class='ocr_line' id='line_1_25' title="bbox 254 3037 1495 3144; baseline 0 -21"><span class='ocrx_word' id='word_1_218' title='bbox 254 3059 381 3143; x_wconf 90' lang='lat' dir='ltr'>Pompei</span> <span class='ocrx_word' id='word_1_219' title='bbox 402 3037 563 3144; x_wconf 88' lang='lat' dir='ltr'>epistulas</span> <span class='ocrx_word' id='word_1_220' title='bbox 575 3063 617 3126; x_wconf 91' lang='lat' dir='ltr'>ad</span> <span class='ocrx_word' id='word_1_221' title='bbox 639 3062 820 3128; x_wconf 83' lang='lat' dir='ltr'>Ciceronem</span> <span class='ocrx_word' id='word_1_222' title='bbox 841 3063 968 3125; x_wconf 91' lang='lat' dir='ltr'>missas¹</span> <span class='ocrx_word' id='word_1_223' title='bbox 995 3063 1097 3125; x_wconf 89' lang='lat' dir='ltr'>editas</span> <span class='ocrx_word' id='word_1_224' title='bbox 1118 3059 1214 3126; x_wconf 84' lang='grc'><strong>111111</strong></span> <span class='ocrx_word' id='word_1_225' title='bbox 1236 3082 1327 3124; x_wconf 90' lang='lat' dir='ltr'>nemo</span> <span class='ocrx_word' id='word_1_226' title='bbox 1349 3067 1495 3124; x_wconf 90' lang='lat' dir='ltr'>testatur.</span> 
     </span>
     <span class='ocr_line' id='line_1_26' title="bbox 358 3178 1598 3261; baseline 0 -19"><span class='ocrx_word' id='word_1_227' title='bbox 358 3179 519 3261; x_wconf 86' lang='lat' dir='ltr'>Epistulas</span> <span class='ocrx_word' id='word_1_228' title='bbox 547 3203 567 3245; x_wconf 91' lang='lat' dir='ltr'>a</span> <span class='ocrx_word' id='word_1_229' title='bbox 596 3181 744 3245; x_wconf 84' lang='lat' dir='ltr'>Cicerone</span> <span class='ocrx_word' id='word_1_230' title='bbox 773 3181 815 3243; x_wconf 88' lang='lat' dir='ltr'>ad</span> <span class='ocrx_word' id='word_1_231' title='bbox 845 3179 1010 3242; x_wconf 88' lang='lat' dir='ltr'>Caesarem</span> <span class='ocrx_word' id='word_1_232' title='bbox 1040 3180 1132 3242; x_wconf 86' lang='lat' dir='ltr'>datas</span> <span class='ocrx_word' id='word_1_233' title='bbox 1159 3180 1316 3243; x_wconf 88' lang='lat' dir='ltr'>seiunctas</span> <span class='ocrx_word' id='word_1_234' title='bbox 1347 3178 1442 3242; x_wconf 84' lang='grc'><strong>1111111</strong></span> <span class='ocrx_word' id='word_1_235' title='bbox 1472 3178 1513 3242; x_wconf 93' lang='lat' dir='ltr'>ab</span> <span class='ocrx_word' id='word_1_236' title='bbox 1545 3181 1598 3256; x_wconf 84' lang='lat' dir='ltr'>eis,</span> 
     </span>
     <span class='ocr_line' id='line_1_27' title="bbox 254 3296 1600 3377; baseline 0.001 -19"><span class='ocrx_word' id='word_1_237' title='bbox 254 3317 333 3376; x_wconf 87' lang='lat' dir='ltr'>quas</span> <span class='ocrx_word' id='word_1_238' title='bbox 355 3296 463 3362; x_wconf 89' lang='lat' dir='ltr'>Cicero</span> <span class='ocrx_word' id='word_1_239' title='bbox 482 3299 523 3362; x_wconf 90' lang='lat' dir='ltr'>ab</span> <span class='ocrx_word' id='word_1_240' title='bbox 550 3299 660 3362; x_wconf 87' lang='lat' dir='ltr'>eodem</span> <span class='ocrx_word' id='word_1_241' title='bbox 678 3299 790 3362; x_wconf 90' lang='lat' dir='ltr'>missas</span> <span class='ocrx_word' id='word_1_242' title='bbox 811 3297 932 3377; x_wconf 88' lang='lat' dir='ltr'>accepit</span> <span class='ocrx_word' id='word_1_243' title='bbox 954 3318 991 3360; x_wconf 92' lang='lat' dir='ltr'>ea</span> <span class='ocrx_word' id='word_1_244' title='bbox 1011 3299 1133 3360; x_wconf 89' lang='lat' dir='ltr'>ratione</span> <span class='ocrx_word' id='word_1_245' title='bbox 1156 3299 1361 3377; x_wconf 84' lang='lat' dir='ltr'>cognoscitur,</span> <span class='ocrx_word' id='word_1_246' title='bbox 1389 3317 1454 3377; x_wconf 89' lang='lat' dir='ltr'>qua</span> <span class='ocrx_word' id='word_1_247' title='bbox 1476 3303 1600 3360; x_wconf 90' lang='lat' dir='ltr'>utrum-</span> 
     </span>
     <span class='ocr_line' id='line_1_28' title="bbox 254 3413 1602 3496; baseline 0.002 -20"><span class='ocrx_word' id='word_1_248' title='bbox 254 3435 315 3494; x_wconf 88' lang='lat' dir='ltr'>que</span> <span class='ocrx_word' id='word_1_249' title='bbox 343 3436 456 3496; x_wconf 90' lang='lat' dir='ltr'>corpus</span> <span class='ocrx_word' id='word_1_250' title='bbox 483 3416 525 3479; x_wconf 90' lang='lat' dir='ltr'>ab</span> <span class='ocrx_word' id='word_1_251' title='bbox 554 3417 696 3495; x_wconf 89' lang='lat' dir='ltr'>antiquis</span> <span class='ocrx_word' id='word_1_252' title='bbox 725 3415 937 3494; x_wconf 86' lang='lat' dir='ltr'>grammaticis</span> <span class='ocrx_word' id='word_1_253' title='bbox 958 3413 1098 3476; x_wconf 81' lang='lat' dir='ltr'>affertur.</span> <span class='ocrx_word' id='word_1_254' title='bbox 1142 3413 1224 3476; x_wconf 90' lang='lat' dir='ltr'>Nam</span> <span class='ocrx_word' id='word_1_255' title='bbox 1245 3414 1373 3478; x_wconf 85' lang='lat' dir='ltr'>illarum</span> <span class='ocrx_word' id='word_1_256' title='bbox 1393 3415 1514 3478; x_wconf 90' lang='lat' dir='ltr'>Nonius</span> <span class='ocrx_word' id='word_1_257' title='bbox 1536 3422 1602 3479; x_wconf 88' lang='lat' dir='ltr'>tres</span> 
     </span>
     <span class='ocr_line' id='line_1_29' title="bbox 253 3529 1604 3614; baseline 0.001 -20"><span class='ocrx_word' id='word_1_258' title='bbox 253 3532 351 3596; x_wconf 88' lang='lat' dir='ltr'>libros</span> <span class='ocrx_word' id='word_1_259' title='bbox 386 3533 553 3596; x_wconf 82' lang='lat' dir='ltr'>duodecies</span> <span class='ocrx_word' id='word_1_260' title='bbox 583 3539 818 3606; x_wconf 84' lang='lat' dir='ltr'>commemorat,</span> <span class='ocrx_word' id='word_1_261' title='bbox 855 3529 969 3593; x_wconf 86' lang='lat' dir='ltr'>harum</span> <span class='ocrx_word' id='word_1_262' title='bbox 995 3531 1212 3614; x_wconf 84' lang='lat' dir='ltr'>Philargyrius</span> <span class='ocrx_word' id='word_1_263' title='bbox 1240 3533 1370 3596; x_wconf 86' lang='lat' dir='ltr'>tertium</span> <span class='ocrx_word' id='word_1_264' title='bbox 1399 3532 1518 3596; x_wconf 86' lang='lat' dir='ltr'>librum</span> <span class='ocrx_word' id='word_1_265' title='bbox 1549 3534 1604 3613; x_wconf 84' lang='lat' dir='ltr'>(ad</span> 
     </span>
     <span class='ocr_line' id='line_1_30' title="bbox 254 3647 1604 3734; baseline 0.003 -23"><span class='ocrx_word' id='word_1_266' title='bbox 254 3648 347 3731; x_wconf 80' lang='lat' dir='ltr'>Verg.</span> <span class='ocrx_word' id='word_1_267' title='bbox 371 3649 483 3730; x_wconf 82' lang='lat' dir='ltr'>Georg.</span> <span class='ocrx_word' id='word_1_268' title='bbox 506 3647 562 3711; x_wconf 94' lang='lat' dir='ltr'>III.</span> <span class='ocrx_word' id='word_1_269' title='bbox 587 3653 648 3710; x_wconf 79' lang='lat'>204</span> <span class='ocrx_word' id='word_1_270' title='bbox 680 3647 796 3711; x_wconf 83' lang='lat' dir='ltr'>Essedu</span> <span class='ocrx_word' id='word_1_271' title='bbox 825 3649 956 3711; x_wconf 81' lang='lat' dir='ltr'>vehiculi</span> <span class='ocrx_word' id='word_1_272' title='bbox 984 3653 1030 3711; x_wconf 83' lang='lat' dir='ltr'>oei</span> <span class='ocrx_word' id='word_1_273' title='bbox 1058 3669 1172 3713; x_wconf 84' lang='lat' dir='ltr'>carrus</span> <span class='ocrx_word' id='word_1_274' title='bbox 1196 3669 1311 3731; x_wconf 73' lang='lat' dir='ltr'>penus,</span> <span class='ocrx_word' id='word_1_275' title='bbox 1342 3672 1404 3734; x_wconf 85' lang='lat' dir='ltr'>qao</span> <span class='ocrx_word' id='word_1_276' title='bbox 1428 3654 1604 3716; x_wconf 79' lang='grc'><strong>1111111111</strong></span> 
     </span>
     <span class='ocr_line' id='line_1_31' title="bbox 254 3765 1606 3848; baseline 0.001 -18"><span class='ocrx_word' id='word_1_277' title='bbox 254 3787 398 3848; x_wconf 61' lang='lat' dir='ltr'>periinere</span> <span class='ocrx_word' id='word_1_278' title='bbox 422 3765 513 3830; x_wconf 82' lang='lat' dir='ltr'>Galli.</span> <span class='ocrx_word' id='word_1_279' title='bbox 558 3765 676 3830; x_wconf 84' lang='lat' dir='ltr'>Caesar</span> <span class='ocrx_word' id='word_1_280' title='bbox 704 3766 785 3828; x_wconf 77' lang='lat' dir='ltr'>testis</span> <span class='ocrx_word' id='word_1_281' title='bbox 812 3775 855 3826; x_wconf 82' lang='lat' dir='ltr'>est</span> <span class='ocrx_word' id='word_1_282' title='bbox 879 3765 963 3827; x_wconf 81' lang='lat' dir='ltr'>libro</span> <span class='ocrx_word' id='word_1_283' title='bbox 993 3767 1034 3829; x_wconf 85' lang='lat' dir='ltr'>ud</span> <span class='ocrx_word' id='word_1_284' title='bbox 1062 3765 1239 3830; x_wconf 81' lang='lat' dir='ltr'>Ciceronem</span> <span class='ocrx_word' id='word_1_285' title='bbox 1271 3769 1332 3830; x_wconf 87' lang='grc'>111</span> <span class='ocrx_word' id='word_1_286' title='bbox 1339 3789 1347 3829; x_wconf 91' lang='lat'>:</span> <span class='ocrx_word' id='word_1_287' title='bbox 1374 3768 1497 3842; x_wconf 79' lang='lat' dir='ltr'>„Multa</span> <span class='ocrx_word' id='word_1_288' title='bbox 1519 3771 1606 3832; x_wconf 82' lang='grc'><strong>111111</strong></span> 
     </span>
     <span class='ocr_line' id='line_1_32' title="bbox 255 3881 1639 3966; baseline 0.002 -19"><span class='ocrx_word' id='word_1_289' title='bbox 255 3886 507 3966; x_wconf 74' lang='lat' dir='ltr'>aquilarumque</span> <span class='ocrx_word' id='word_1_290' title='bbox 529 3884 762 3946; x_wconf 81' lang='lat' dir='ltr'>essedariorum</span> <span class='ocrx_word' id='word_1_291' title='bbox 784 3882 926 3958; x_wconf 58' lang='lat' dir='ltr'>hobolffi,</span> <span class='ocrx_word' id='word_1_292' title='bbox 950 3881 1174 3946; x_wconf 77' lang='lat' dir='ltr'>Charisius21.</span> <span class='ocrx_word' id='word_1_293' title='bbox 1198 3904 1269 3965; x_wconf 85' lang='lat' dir='ltr'>pag.</span> <span class='ocrx_word' id='word_1_294' title='bbox 1297 3889 1365 3948; x_wconf 77' lang='lat'>126.</span> <span class='ocrx_word' id='word_1_295' title='bbox 1391 3891 1423 3947; x_wconf 91' lang='lat' dir='ltr'>ll</span> <span class='ocrx_word' id='word_1_296' title='bbox 1450 3887 1606 3950; x_wconf 88' lang='lat' dir='ltr'>incertum</span> <span class='ocrx_word' id='word_1_297' title='bbox 1636 3931 1639 3938; x_wconf 63' lang='grc'><em>.</em></span> 
     </span>
     <span class='ocr_line' id='line_1_33' title="bbox 255 3999 604 4080; baseline 0 -18"><span class='ocrx_word' id='word_1_298' title='bbox 255 4000 416 4080; x_wconf 90' lang='lat' dir='ltr'>quendam</span> <span class='ocrx_word' id='word_1_299' title='bbox 437 3999 539 4064; x_wconf 87' lang='lat' dir='ltr'>affert.</span> <span class='ocrx_word' id='word_1_300' title='bbox 603 4015 604 4020; x_wconf 75' lang='grc'>’</span> 
     </span>
    </p>
   </div>
   <div class='ocr_carea' id='block_1_6' title="bbox 257 4176 1606 4332">
    <p class='ocr_par' dir='ltr' id='par_1_9' title="bbox 257 4176 1606 4332">
     <span class='ocr_line' id='line_1_34' title="bbox 258 4176 1606 4249; baseline 0.004 -15"><span class='ocrx_word' id='word_1_301' title='bbox 258 4180 402 4249; x_wconf 87' lang='lat' dir='ltr'>archetypi</span> <span class='ocrx_word' id='word_1_302' title='bbox 422 4181 598 4249; x_wconf 84' lang='lat' dir='ltr'>transpositis</span> <span class='ocrx_word' id='word_1_303' title='bbox 616 4181 699 4244; x_wconf 90' lang='lat' dir='ltr'>atque</span> <span class='ocrx_word' id='word_1_304' title='bbox 717 4176 816 4243; x_wconf 85' lang='lat' dir='ltr'>elapsis</span> <span class='ocrx_word' id='word_1_305' title='bbox 835 4177 891 4230; x_wconf 88' lang='lat' dir='ltr'>alia</span> <span class='ocrx_word' id='word_1_306' title='bbox 909 4178 939 4230; x_wconf 89' lang='lat' dir='ltr'>iu</span> <span class='ocrx_word' id='word_1_307' title='bbox 958 4180 1078 4232; x_wconf 88' lang='lat' dir='ltr'>alienum</span> <span class='ocrx_word' id='word_1_308' title='bbox 1096 4181 1186 4234; x_wconf 87' lang='lat' dir='ltr'>locum</span> <span class='ocrx_word' id='word_1_309' title='bbox 1207 4185 1302 4237; x_wconf 88' lang='lat' dir='ltr'>delata</span> <span class='ocrx_word' id='word_1_310' title='bbox 1321 4184 1377 4237; x_wconf 88' lang='lat' dir='ltr'>alia</span> <span class='ocrx_word' id='word_1_311' title='bbox 1397 4185 1530 4238; x_wconf 86' lang='lat' dir='ltr'>intercisa</span> <span class='ocrx_word' id='word_1_312' title='bbox 1548 4203 1606 4241; x_wconf 82' lang='lat' dir='ltr'>esse</span> 
     </span>
     <span class='ocr_line' id='line_1_35' title="bbox 257 4260 758 4332; baseline -0.012 -14"><span class='ocrx_word' id='word_1_313' title='bbox 257 4283 310 4319; x_wconf 88' lang='lat' dir='ltr'>non</span> <span class='ocrx_word' id='word_1_314' title='bbox 329 4265 423 4332; x_wconf 87' lang='lat' dir='ltr'>inepte</span> <span class='ocrx_word' id='word_1_315' title='bbox 442 4265 511 4318; x_wconf 90' lang='lat' dir='ltr'>mihi</span> <span class='ocrx_word' id='word_1_316' title='bbox 529 4266 623 4318; x_wconf 86' lang='lat' dir='ltr'>videor</span> <span class='ocrx_word' id='word_1_317' title='bbox 643 4260 758 4329; x_wconf 88' lang='lat' dir='ltr'>opinari.</span> 
     </span>
    </p>
   </div>
   <div class='ocr_carea' id='block_1_7' title="bbox 314 4363 1295 4436">
    <p class='ocr_par' dir='ltr' id='par_1_10' title="bbox 314 4363 1295 4436">
     <span class='ocr_line' id='line_1_36' title="bbox 314 4363 1295 4436; baseline 0.007 -19"><span class='ocrx_word' id='word_1_318' title='bbox 314 4363 737 4436; x_wconf 74' lang='grc' dir='ltr'>Ι)1111111111,1111111111</span> <span class='ocrx_word' id='word_1_319' title='bbox 757 4365 816 4415; x_wconf 90' lang='grc' dir='ltr'><strong>Α11.</strong></span> <span class='ocrx_word' id='word_1_320' title='bbox 835 4363 907 4425; x_wconf 84' lang='lat' dir='ltr'>VIII,</span> <span class='ocrx_word' id='word_1_321' title='bbox 928 4367 967 4417; x_wconf 89' lang='lat' dir='ltr'>ll.</span> <span class='ocrx_word' id='word_1_322' title='bbox 990 4369 1021 4418; x_wconf 93' lang='lat' dir='ltr'>A.</span> <span class='ocrx_word' id='word_1_323' title='bbox 1041 4369 1070 4420; x_wconf 95' lang='lat' dir='ltr'>C.</span> <span class='ocrx_word' id='word_1_324' title='bbox 1091 4371 1121 4422; x_wconf 88' lang='grc'>11</span> <span class='ocrx_word' id='word_1_325' title='bbox 1140 4372 1182 4423; x_wconf 84' lang='lat'>12.</span> <span class='ocrx_word' id='word_1_326' title='bbox 1202 4371 1295 4423; x_wconf 86' lang='lat' dir='ltr'>A-D.</span> 
     </span>
    </p>
   </div>
   <div class='ocr_carea' id='block_1_8' title="bbox 255 4465 1610 4778">
    <p class='ocr_par' dir='ltr' id='par_1_11' title="bbox 255 4465 1610 4778">
     <span class='ocr_line' id='line_1_37' title="bbox 310 4465 1606 4542; baseline 0.003 -19"><span class='ocrx_word' id='word_1_327' title='bbox 310 4472 335 4539; x_wconf 76' lang='lat'>²)</span> <span class='ocrx_word' id='word_1_328' title='bbox 359 4468 499 4522; x_wconf 85' lang='lat' dir='ltr'>Charisius</span> <span class='ocrx_word' id='word_1_329' title='bbox 516 4469 584 4525; x_wconf 87' lang='lat' dir='ltr'>haec</span> <span class='ocrx_word' id='word_1_330' title='bbox 603 4467 686 4520; x_wconf 87' lang='lat' dir='ltr'>dicit:</span> <span class='ocrx_word' id='word_1_331' title='bbox 706 4465 1371 4534; x_wconf 66' lang='grc'><strong>,1111110111111111111111111101111111111</strong></span> <span class='ocrx_word' id='word_1_332' title='bbox 1393 4488 1488 4539; x_wconf 86' lang='lat' dir='ltr'>noque,</span> <span class='ocrx_word' id='word_1_333' title='bbox 1507 4473 1606 4542; x_wconf 90' lang='lat' dir='ltr'>inquit,</span> 
     </span>
     <span class='ocr_line' id='line_1_38' title="bbox 255 4548 1609 4626; baseline -0.004 -16"><span class='ocrx_word' id='word_1_334' title='bbox 255 4573 304 4624; x_wconf 88' lang='lat' dir='ltr'>pro</span> <span class='ocrx_word' id='word_1_335' title='bbox 323 4558 406 4609; x_wconf 90' lang='lat' dir='ltr'>cauto</span> <span class='ocrx_word' id='word_1_336' title='bbox 423 4569 446 4605; x_wconf 92' lang='lat' dir='ltr'>e.</span> <span class='ocrx_word' id='word_1_337' title='bbox 464 4570 488 4619; x_wconf 89' lang='lat' dir='ltr'>q.</span> <span class='ocrx_word' id='word_1_338' title='bbox 507 4555 544 4604; x_wconf 90' lang='lat' dir='ltr'>s.“</span> <span class='ocrx_word' id='word_1_339' title='bbox 580 4552 640 4618; x_wconf 74' lang='lat' dir='ltr'>Qua</span> <span class='ocrx_word' id='word_1_340' title='bbox 658 4551 688 4602; x_wconf 90' lang='lat' dir='ltr'>in</span> <span class='ocrx_word' id='word_1_341' title='bbox 710 4565 739 4602; x_wconf 90' lang='lat' dir='ltr'>re</span> <span class='ocrx_word' id='word_1_342' title='bbox 759 4565 820 4601; x_wconf 86' lang='lat' dir='ltr'>cum</span> <span class='ocrx_word' id='word_1_343' title='bbox 838 4548 933 4602; x_wconf 87' lang='lat' dir='ltr'>Nakeo</span> <span class='ocrx_word' id='word_1_344' title='bbox 951 4550 1030 4617; x_wconf 84' lang='lat' dir='ltr'>(hist.</span> <span class='ocrx_word' id='word_1_345' title='bbox 1050 4553 1113 4607; x_wconf 91' lang='lat' dir='ltr'>crit.</span> <span class='ocrx_word' id='word_1_346' title='bbox 1135 4559 1174 4611; x_wconf 90' lang='lat'>11.</span> <span class='ocrx_word' id='word_1_347' title='bbox 1193 4563 1250 4612; x_wconf 92' lang='lat' dir='ltr'>not.</span> <span class='ocrx_word' id='word_1_348' title='bbox 1267 4559 1317 4626; x_wconf 83' lang='grc'>26)</span> <span class='ocrx_word' id='word_1_349' title='bbox 1338 4557 1417 4624; x_wconf 87' lang='lat' dir='ltr'>facio,</span> <span class='ocrx_word' id='word_1_350' title='bbox 1436 4558 1483 4625; x_wconf 88' lang='lat' dir='ltr'>qui</span> <span class='ocrx_word' id='word_1_351' title='bbox 1502 4559 1609 4613; x_wconf 74' lang='lat' dir='ltr'>numeri</span> 
     </span>
     <span class='ocr_line' id='line_1_39' title="bbox 256 4633 1610 4704; baseline -0.001 -10"><span class='ocrx_word' id='word_1_352' title='bbox 256 4640 375 4694; x_wconf 88' lang='lat' dir='ltr'>alicuius</span> <span class='ocrx_word' id='word_1_353' title='bbox 398 4638 506 4704; x_wconf 85' lang='lat' dir='ltr'>signum</span> <span class='ocrx_word' id='word_1_354' title='bbox 530 4636 630 4688; x_wconf 89' lang='lat' dir='ltr'>librum</span> <span class='ocrx_word' id='word_1_355' title='bbox 654 4634 781 4687; x_wconf 88' lang='lat' dir='ltr'>indicans</span> <span class='ocrx_word' id='word_1_356' title='bbox 804 4637 865 4699; x_wconf 88' lang='lat' dir='ltr'>post</span> <span class='ocrx_word' id='word_1_357' title='bbox 883 4633 1058 4698; x_wconf 89' lang='lat' dir='ltr'>,Ciceronem‘</span> <span class='ocrx_word' id='word_1_358' title='bbox 1076 4639 1251 4696; x_wconf 89' lang='lat' dir='ltr'>intercidisse</span> <span class='ocrx_word' id='word_1_359' title='bbox 1270 4643 1431 4696; x_wconf 88' lang='lat' dir='ltr'>arbitratur.</span> <span class='ocrx_word' id='word_1_360' title='bbox 1470 4644 1503 4695; x_wconf 86' lang='lat' dir='ltr'>cf.</span> <span class='ocrx_word' id='word_1_361' title='bbox 1522 4645 1610 4698; x_wconf 80' lang='lat' dir='ltr'>etiam</span> 
     </span>
     <span class='ocr_line' id='line_1_40' title="bbox 257 4721 593 4778; baseline -0.024 1"><span class='ocrx_word' id='word_1_362' title='bbox 257 4727 369 4778; x_wconf 85' lang='lat' dir='ltr'>Sueten.</span> <span class='ocrx_word' id='word_1_363' title='bbox 388 4723 435 4775; x_wconf 84' lang='lat' dir='ltr'>vit.</span> <span class='ocrx_word' id='word_1_364' title='bbox 454 4723 530 4775; x_wconf 87' lang='lat' dir='ltr'>Caes.</span> <span class='ocrx_word' id='word_1_365' title='bbox 552 4721 593 4773; x_wconf 84' lang='lat'>56.</span> 
     </span>
    </p>
   </div>
   <div class='ocr_carea' id='block_1_9' title="bbox 0 0 1808 5266">
    <p class='ocr_par' dir='ltr' id='par_1_12' title="bbox 0 0 1808 5266">
     <span class='ocr_line' id='line_1_41' title="bbox 0 0 1808 5266; baseline 0 0"><span class='ocrx_word' id='word_1_366' title='bbox 0 0 1808 5266; x_wconf 95' lang='lat' dir='ltr'> </span> 
     </span>
    </p>
   </div>
  </div>
 </body>
</html>
