3586 5266
861 153 900 214 le

212 415 276 480 tius
310 435 460 496 quaerere
494 437 559 480 non
592 416 709 498 placet,
746 418 822 499 quia
851 425 924 501 post
950 417 1061 482 melius
1088 416 1296 498 intellegetur.
1339 415 1549 480 Nihilominus

213 533 343 615 singulis
362 533 439 598 locis
458 536 668 616 pertractatis,
689 537 744 616 qui
762 534 853 600 nobis
874 535 1000 600 obstare
1016 534 1210 612 videbantur,
1232 555 1300 599 rem
1320 535 1384 598 iam
1405 534 1549 598 adhunc

212 652 307 715 finem
335 652 519 734 productam
551 675 618 718 esse
645 675 820 731 censemus,
848 661 885 717 nt
911 661 1036 736 praeter
1064 674 1161 718 unam
1188 653 1402 718 collectionem
1421 660 1548 717 cunctas

213 769 296 834 Tulli
317 770 468 853 epistulas
489 771 747 855 complectentem
771 773 904 838 alteram
925 773 1019 838 firisse
1039 780 1124 838 certo
1145 772 1260 837 iudicio
1281 793 1438 854 negemus.
1463 809 1501 818 —-

316 1006 384 1071 Iam
400 1008 615 1088 quaerendum
634 1008 724 1073 nobis
738 1017 794 1088 est,
816 1029 897 1090 quae
911 1009 975 1073 fere
989 1009 1084 1074 fiierit
1105 1009 1200 1074 huius
1214 1009 1404 1074 collectionis
1424 1007 1440 1070 f
1442 1027 1550 1072 orma

213 1133 246 1190 et
273 1146 352 1206 quas
382 1133 489 1208 partes
517 1127 550 1190 in
578 1148 616 1191 ea
643 1129 804 1192 tenuerint
831 1128 985 1210 epistulae
1013 1127 1054 1192 ad
1084 1127 1157 1192 farn.
1200 1127 1305 1209 Atque
1325 1127 1385 1191 lico
1406 1125 1551 1191 omnibus

213 1243 302 1307 libris
324 1265 486 1308 commune
510 1243 605 1310 fuisse
626 1247 773 1325 vidimus,
801 1254 839 1310 ut
860 1248 1048 1329 compositae
1068 1253 1173 1311 essent
1201 1246 1353 1329 epistulae
1374 1265 1411 1310 ec
1433 1245 1551 1323 ordine,

213 1369 250 1425 ut
284 1381 365 1443 quae
396 1363 535 1428 eiusdem
571 1365 706 1429 nominis
732 1373 836 1430 essent
863 1386 930 1431 sese
958 1367 1145 1448 exciperent.
1189 1364 1331 1446 Apparet
1359 1364 1470 1446 igitur¹
1484 1385 1551 1428 rem

213 1481 315 1563 ipsam
339 1480 449 1546 tulisse
475 1489 513 1546 ut
539 1489 608 1547 tota
636 1483 777 1548 collectio
798 1465 917 1548 uariam
946 1485 1080 1567 speciem
1100 1482 1282 1566 praeberet:
1314 1482 1451 1546 named
1473 1481 1551 1546 alios

213 1598 306 1662 datae
335 1599 475 1681 singulae
504 1607 629 1664 tantum
656 1602 837 1680 exstabant,
854 1603 909 1669 ,ad
936 1603 1014 1667 alios
1040 1602 1186 1666 datorum
1215 1601 1353 1664 maxima
1372 1603 1462 1694 copia
1481 1599 1550 1664 fuit.

214 1716 341 1783 sivero
371 1740 443 1783 cum
471 1720 531 1796 eis,
560 1741 694 1800 quarum
723 1720 898 1803 complures
925 1721 1023 1785 libros
1046 1721 1202 1785 exstitisse
1224 1725 1362 1796 cunstat,
1390 1719 1459 1782 dico
1481 1739 1552 1782 cum

213 1837 355 1918 epistulis
371 1838 414 1902 ad
430 1837 583 1915 Quintum
603 1838 742 1918 fratrem,
763 1840 805 1904 ed
820 1840 962 1905 Marcum
975 1840 1119 1917 Brutum,
1141 1840 1183 1904 ad
1198 1839 1345 1916 Hirtium,
1365 1837 1407 1901 ad
1418 1836 1553 1901 Pansam

213 1955 309 2034 (laus,
344 1955 530 2022 conferimus
558 1957 709 2040 epistulas
737 1959 779 2022 ed
806 1958 887 2037 fam,
922 1961 1006 2023 inter
1033 1958 1091 2024 has
1124 1958 1266 2023 nullas
1301 1977 1388 2021 esse
1422 1956 1551 2020 animo

213 2076 411 2154 occurrit,
451 2096 549 2156 quae
582 2098 657 2142 uno
691 2076 798 2141 libro
835 2076 1056 2159 ampliores
1085 2079 1175 2143 sint.
1217 2074 1298 2139 Nam
1327 2073 1480 2156 epistulae
1508 2071 1550 2137 ad

216 2192 358 2258 Cassium
380 2194 564 2278 dispertitae
582 2195 657 2260 illae
676 2196 805 2278 quidem
825 2204 900 2260 sunt
921 2196 953 2259 in
976 2196 1055 2261 duos
1075 2195 1180 2274 libros
1208 2215 1310 2275 neque
1331 2213 1405 2258 vero
1424 2192 1549 2268 ichrco,

214 2314 289 2393 quia
309 2333 373 2376 uno
394 2312 475 2378 libro
497 2314 648 2378 contineri
670 2315 859 2396 nequissent,
882 2323 914 2379 et
933 2335 1032 2396 quum
1051 2317 1085 2379 in
1106 2309 1383 2399 libross.(s-1e)
1398 2309 1550 2392 epistulae

213 2454 233 2496 a
254 2431 401 2496 Cicerone
421 2431 464 2494 ad
485 2430 626 2496 Caelium
647 2432 741 2497 datae
762 2433 864 2497 locum
884 2441 1020 2512 teneant,
1050 2434 1131 2498 liber
1151 2431 1236 2496 VIII.
1258 2451 1311 2495 eas
1333 2429 1552 2511 complectitur

215 2571 294 2630 quas
325 2549 448 2614 Coelius
482 2549 524 2614 sd
555 2549 736 2614 Ciceronem
769 2551 866 2614 dedit.
910 2552 1014 2629 Quum
1041 2573 1115 2617 vero
1140 2571 1295 2632 nusquam
1322 2545 1469 2612 tradatur
1495 2552 1551 2610 aut

214 2667 328 2732 harum
359 2668 566 2751 epistularum
600 2676 656 2733 ant
688 2669 894 2751 reliquarum,
928 2692 1009 2752 quae
1043 2671 1075 2735 in
1103 2671 1187 2734 hunc
1214 2687 1379 2732 numerum
1406 2672 1551 2748 receptae

215 2794 296 2864 sunt,
318 2786 425 2869 plures
446 2809 586 2868 unquam
606 2787 704 2852 libros
725 2787 842 2866 firisse,¹
870 2789 952 2854 hanc
973 2790 1164 2855 collectionis
1184 2796 1308 2872 partem
1329 2807 1382 2850 eas
1401 2783 1552 2866 epistulas

215 2906 372 2970 continere
393 2907 497 2971 nescio
517 2928 558 2970 an
579 2907 673 2971 liceat
694 2913 840 2985 statuere,
863 2928 944 2988 quse
967 2931 1065 2990 quum
1086 2907 1227 2990 singulae
1240 2927 1302 2970 non
1317 2903 1496 2969 sufficerent
1510 2901 1552 2966 ad

216 3044 308 3088 suum
330 3028 483 3106 ‘quaeque
516 3046 629 3106 corpus
665 3025 868 3107 explendum,
904 3048 966 3092 uno
995 3047 1103 3092 omncs
1131 3046 1260 3107 corpore
1286 3009 1451 3105 congestas
1479 3021 1551 3084 sint.

216 3140 287 3218 Qua
316 3143 437 3207 ratione
465 3144 561 3208 etiam
588 3143 705 3225 optime
732 3143 926 3226 intelligitur,
961 3145 1118 3226 quomodo
1144 3143 1262 3220 factum
1290 3142 1345 3219 sit,
1379 3147 1416 3206 ut
1445 3159 1553 3204 earum

215 3260 433 3342 epistularum,
467 3281 602 3342 quarum
629 3262 804 3344 complures
830 3262 928 3327 libros
955 3262 1049 3327 fuisse
1076 3262 1259 3343 accipimus,
1288 3259 1373 3337 Axii,
1412 3257 1553 3322 (lassaris

215 3380 352 3458 iunioris,
388 3378 483 3458 Calvi,
515 3379 570 3458 fili,
602 3379 696 3459 Hirti,
729 3379 868 3462 Nepotis,
896 3380 1023 3457 Pansae,
1047 3380 1209 3461 (Caesaris,
1237 3377 1396 3460 Ροιιιριιι)2
1430 3377 1492 3440 nisi
1520 3376 1554 3438 in

216 3497 297 3564 libro
325 3497 414 3576 XIII,
451 3498 556 3563 nullae
588 3500 672 3563 inter
705 3498 857 3582 epistulas
891 3500 933 3563 ad
960 3498 1033 3564 farn.
1062 3499 1222 3582 legantur:
1259 3495 1341 3561 Nam
1371 3516 1472 3576 quum
1500 3495 1554 3575 qui

216 3616 367 3699 epistulas
385 3618 419 3680 in
440 3616 598 3682 voltnnina
617 3617 739 3698 redegit
757 3618 791 3681 id
811 3619 1008 3701 potissimum
1028 3626 1143 3701 ageret,
1173 3625 1210 3680 ut
1231 3615 1389 3698 epistulas,
1412 3635 1493 3694 quse
1514 3612 1555 3676 ad

217 3736 355 3802 eundum
368 3743 450 3813 sunt,
469 3757 531 3800 unc
552 3735 620 3800 loco
637 3736 811 3814 collocaret,
830 3743 915 3801 certe
928 3737 970 3802 ab
983 3737 1048 3802 -hac
1061 3737 1178 3819 regula
1200 3755 1296 3816 quam
1317 3733 1377 3798 sibi
1398 3728 1554 3814 imposuit,

218 3877 277 3920 sua
298 3861 408 3937 sponte
430 3875 493 3918 non
514 3855 659 3919 recessit:

323 3972 406 4050 Quid
431 3994 504 4038 vero
531 3994 641 4038 cumae
668 3972 762 4038 frrisse
789 3979 949 4054 putemus,
977 3994 1033 4037 cur
1060 3970 1230 4052 aliquando
1259 3977 1366 4032 amen
1393 3968 1452 4032 etsi
1483 3987 1555 4030 raro

217 4091 377 4156 recederet
411 4090 452 4155 ab
488 4089 549 4155 hac
581 4091 705 4173 regula,
742 4090 960 4155 difficillimum
993 4099 1041 4155 est
1076 4090 1170 4155 dicta.
1232 4088 1365 4152 Prorsus
1395 4087 1479 4150 enim
1506 4106 1556 4148 re-

217 4209 339 4275 icienda
367 4217 416 4274 est
442 4232 480 4274 ea
507 4212 675 4288 sententia,
705 4231 786 4292 quae
814 4208 1004 4274 aTeuffelio
1027 4209 1063 4296 (l.
1085 4231 1111 4272 c.
1134 4229 1205 4291 pag.
1231 4203 1305 4292 276)
1328 4206 1507 4288 proposita,
1537 4225 1557 4266 a

219 4328 394 4411 Leiglttone
420 4329 564 4411 exposita
590 4327 631 4392 ab
660 4349 696 4392 eo
723 4328 848 4392 homins
874 4327 984 4404 docto,
1014 4328 1069 4408 qui
1107 4327 1148 4390 de
1174 4324 1268 4388 huitrs
1296 4323 1556 4388 commentatione

275 4499 297 4568 Ι)
323 4499 373 4554 hoc
385 4497 541 4552 convalere
560 4498 594 4550 de
606 4497 731 4567 epistulis
752 4495 816 4550 libri
834 4496 908 4552 XIII.
923 4496 953 4550 iu
971 4500 1067 4564 aperto
1086 4500 1137 4550 est.
1167 4495 1208 4548 De
1232 4494 1328 4548 eadem
1348 4507 1378 4545 re
1396 4490 1457 4543 vide
1474 4488 1555 4541 infra.

273 4604 301 4670 ἰ
325 4619 409 4671 qurnn
431 4602 611 4670 epistularum
629 4603 682 4669 „sd
701 4601 863 4656 Gaesarem⁶⁴
880 4603 909 4652 ct
926 4599 979 4666 „ad
996 4599 1170 4669 Pompeium“
1188 4598 1311 4666 singulas
1330 4597 1441 4650 tanturn
1458 4593 1489 4646 iu
1506 4593 1556 4646 hoc

220 4705 316 4758 corpus
331 4687 478 4756 migrarInt
496 4688 544 4740 hos
561 4686 645 4740 libros
665 4686 723 4741 etsi
741 4689 822 4739 caute
839 4685 994 4739 adnumero.
