3586 5266
865 172 906 234 22

208 436 357 504 instituto
378 436 549 502 certiorum
569 444 696 514 tactum,
724 438 858 502 inscium
879 445 986 504 tamen
1006 459 1088 524 quae
1109 437 1217 503 futura
1239 446 1321 505 esset
1342 437 1442 503 torma
1462 436 1556 502 huius

210 555 402 620 collectionis
429 557 474 620 sie
495 555 535 619 de
557 577 594 619 ea
615 555 752 619 locutum
777 577 852 634 esse,
880 556 990 649 velut
1010 557 1106 621 verbo
1129 555 1302 645 συναγωγή
1323 565 1474 632 uteretur,
1508 555 1556 619 vel

209 681 246 738 ut
261 695 331 738 eam
346 673 501 738 conferret
517 695 589 737 cum
606 673 668 738 alio
685 675 822 758 quodam
837 674 1045 760 epistularum
1061 696 1199 760 corpore,
1219 677 1305 761 quod
1327 676 1387 739 hoc
1402 674 1556 738 vocabulo

210 792 380 875 significari
415 791 543 856 solitum
577 800 668 856 esset.
717 793 768 855 Ad
795 814 876 877 quae
907 793 1087 858 Ciceronem
1116 793 1314 878 respondisse
1343 815 1380 856 ea
1412 793 1556 877 epistula,

209 932 305 996 quam
320 918 354 974 a.
378 910 408 974 d.
430 909 499 973 VII.
521 909 569 973 Id.
594 910 718 987 Quinct.
745 916 803 974 710
827 911 923 989 dedit,
946 913 1058 996 quinta
1079 911 1152 975 libri
1177 911 1263 975 llVl:
1287 931 1415 974 suarum
1436 911 1556 994 epistu-

209 1028 312 1092 larum
342 1029 538 1113 (pronomine
568 1030 723 1113 possesivo
752 1027 782 1092 vi
809 1029 947 1113 quadam
974 1031 1076 1114 prime
1104 1029 1171 1094 lece
1201 1030 1317 1113 posito)
1347 1027 1466 1092 nullam
1489 1049 1557 1093 esse

213 1143 413 1232 συναγωγήν,
437 1146 493 1210 sed
516 1145 661 1210 Tironem
684 1146 802 1210 habere
824 1148 906 1212 circa
926 1129 1135 1232 septuaginta,
1157 1168 1237 1231 quas
1254 1148 1363 1232 paucis
1387 1147 1428 1210 ab
1450 1147 1556 1210 Attico

210 1265 370 1330 sumendis
392 1271 502 1328 auctas
523 1271 754 1347 perspecturus,
782 1272 987 1342 correcturus
1010 1266 1153 1329 editurus
1176 1272 1273 1341 esset3
1306 1267 1460 1348 respicere
1483 1285 1556 1328 vero

209 1405 282 1448 eum
311 1383 353 1446 ad
382 1381 535 1466 epistulas
563 1382 850 1461 commendatitias,
879 1404 961 1467 quae
990 1404 1073 1445 nunc
1102 1382 1220 1445 librum
1243 1382 1327 1446 Xlll.
1348 1381 1555 1467 epistularum

209 1501 250 1565 ad
278 1501 352 1564 fam.
381 1499 533 1576 efficiunt,
563 1500 705 1565 consulto
732 1509 840 1565 autem
867 1502 1000 1565 reticere
1025 1499 1163 1584 reliquos
1190 1499 1301 1578 libros,
1331 1502 1449 1585 quippe
1477 1521 1556 1585 quos

209 1599 286 1683 tunc
308 1618 449 1683 nondum
477 1616 721 1702 pervulgaturus
743 1626 833 1684 esset.
877 1618 1021 1703 Denique
1044 1617 1190 1682 Tironem
1212 1639 1265 1682 eas
1287 1619 1447 1702 epistulas,
1477 1639 1556 1704 quas

210 1736 317 1802 Cicero
346 1737 421 1800 inde
443 1735 484 1799 ab
512 1735 615 1798 medio
643 1757 725 1802 armo
758 1741 816 1799 710
843 1744 876 1800 et
904 1736 996 1800 daret
1025 1744 1058 1800 et
1077 1738 1234 1820 acciperet
1256 1737 1366 1800 eedem
1388 1737 1497 1800 ordine
1521 1738 1552 1798 in

209 1876 267 1920 sua
297 1854 455 1919 volumina
483 1853 651 1936 recepisse,
686 1875 753 1918 esse
779 1863 886 1919 autem
913 1855 1008 1919 huius
1035 1855 1166 1919 alterius
1187 1855 1378 1919 collectionis
1399 1854 1497 1918 libros
1520 1857 1554 1932 ll,

148 2039 150 2042 ,
211 1971 264 2049 XL
290 1971 356 2050 ΧΠ,
378 1971 420 2035 ad
441 1970 483 2035 M.
506 1971 644 2034 Brutum
665 1971 689 2034 l.
716 1971 756 2034 Π.

314 2089 432 2154 Utrum
466 2111 539 2153 vero
562 2088 669 2154 Cicero
699 2111 750 2164 eo,
780 2091 866 2175 quod
894 2111 927 2154 se
953 2091 1111 2155 facturum
1139 2111 1206 2154 esse
1228 2090 1388 2180 premisit,
1417 2091 1555 2175 perfecto

209 2207 327 2271 librum
356 2207 398 2272 ad
428 2206 501 2271 fam.
526 2205 608 2284 XlIL
637 2209 776 2294 primum
802 2215 898 2293 atque
927 2208 1108 2274 absolutum
1130 2208 1289 2285 volumen,
1318 2209 1386 2292 ipse
1414 2209 1555 2287 ediderit,

209 2348 250 2390 an
279 2325 407 2389 consilio
430 2331 553 2387 mutato
582 2323 689 2387 Tironi
720 2326 815 2389 simul
843 2348 915 2390 cum
942 2327 1072 2412 reliquis
1093 2325 1251 2391 edendum
1272 2324 1448 2404 tradiderit,
1478 2327 1557 2391 haec

210 2444 353 2527 quaestio
382 2441 529 2505 cohaeret
558 2463 630 2506 cum
657 2441 759 2506 altera
787 2443 826 2506 de
846 2445 980 2528 pristino
1004 2466 1134 2509 numero
1153 2453 1250 2528 atque
1272 2443 1381 2507 ordine
1402 2443 1556 2509 librorum

210 2561 304 2623 huius
326 2559 465 2643 corporis
487 2559 551 2622 iam
569 2559 773 2624 instituenda.

318 2676 401 2740 Ante
428 2698 501 2741 vere
530 2698 631 2761 pauca
660 2678 832 2760 repetenda
859 2685 956 2762 atque
978 2679 1174 2763 expedienda
1195 2685 1277 2756 sunt,
1308 2699 1389 2762 quae
1411 2679 1453 2742 ad
1475 2679 1557 2742 hanc

211 2795 400 2859 sententiam
427 2815 523 2879 quam
545 2797 745 2880 exposuimus
767 2817 829 2860 non
851 2797 998 2860 videntur
1020 2803 1097 2880 apta
1111 2817 1195 2878 esse.
1239 2795 1366 2861 Etenim
1387 2797 1556 2880 epistulam

211 2911 265 2976 Ill.
290 2917 328 2974 24
352 2912 394 2975 ad
416 2911 550 2977 Paetum
571 2920 706 2976 exeunte
728 2933 834 2977 mense
855 2913 1027 2977 Februario
1054 2919 1106 2974 711
1135 2915 1244 2978 datam
1266 2920 1357 2976 extra
1377 2934 1557 2977 communes

211 3030 325 3114 prioris
346 3029 432 3094 illius
454 3031 593 3114 corporis
611 3031 690 3094 fines
713 3030 862 3094 excedere
883 3037 978 3094 autea
997 3033 1184 3110 monuimus,
1212 3050 1315 3115 neque
1336 3053 1417 3110 vero,
1446 3053 1502 3096 our
1523 3032 1557 3094 id

211 3147 331 3211 factum
348 3144 350 3146 ’
365 3155 448 3213 esset
487 3148 723 3232 explicavimus,
762 3169 861 3232 quum
895 3147 985 3212 facile
1018 3148 1215 3212 intellectum
1246 3151 1285 3213 iri
1313 3149 1556 3228 arbitrabamur,

211 3265 305 3328 simul
328 3263 367 3328 de
387 3287 509 3329 summa
526 3267 572 3329 rei
590 3265 741 3330 iudicium
755 3272 923 3330 constaret.
956 3264 1089 3329 Videtur
1107 3274 1214 3330 autem
1231 3267 1310 3329 mihi
1327 3267 1405 3332 haec
1422 3269 1558 3352 epistula

211 3388 322 3466 postea
343 3381 470 3446 demum
492 3381 640 3447 aTirone
662 3405 733 3448 cum
755 3382 879 3447 duabus
900 3383 1051 3466 proximis
1072 3384 1182 3446 addita
1203 3404 1287 3462 esse3
1310 3406 1384 3448 nam
1402 3385 1556 3471 epistulae

212 3500 253 3563 ad
281 3499 414 3564 Paetum
445 3500 539 3564 datae
567 3522 665 3585 quum
693 3508 869 3564 extremum
897 3500 991 3565 huius
1020 3500 1093 3564 libri
1126 3501 1230 3566 locum
1258 3508 1403 3567 tenerent
1431 3511 1555 3568 servato

212 3617 420 3702 epistularum
441 3617 549 3681 ordine
571 3623 744 3701 potuerunt
765 3619 810 3682 eis
831 3620 946 3700 augeri,
970 3641 1052 3704 quae
1076 3627 1146 3705 post
1166 3641 1204 3683 ea
1225 3621 1289 3684 sive
1311 3619 1471 3684 dabantur
1491 3623 1556 3686 sive

211 3733 461 3800 inveniebantur.
496 3734 601 3818 Atque
622 3734 682 3800 hoc
696 3757 805 3800 revera
824 3737 942 3802 factum
958 3759 1056 3802 essee
1072 3745 1251 3822 temporum
1264 3739 1386 3802 ratione
1402 3760 1556 3824 apparere

212 3853 357 3929 arbitror,
393 3872 491 3935 quum
517 3873 630 3917 novem
657 3853 809 3938 epistulas
839 3856 881 3918 ad
908 3857 1043 3920 eundem
1067 3877 1149 3919 anno
1181 3859 1238 3917 loe
1267 3857 1331 3918 sive
1363 3877 1469 3920 omnes
1491 3858 1556 3921 sive

212 3991 321 4034 earum
342 3977 426 4034 certe
449 3977 569 4054 septem
592 3970 645 4050 (de
664 3971 800 4036 duarum
823 3979 870 4050 91,
895 3979 933 4035 22
957 3980 1099 4058 tempore
1121 3994 1182 4036 non
1205 3973 1282 4036 satis
1303 3978 1440 4051 constat)
1464 3967 1556 4038 datas

212 4095 385 4173 sequantur
415 4088 494 4152 haec
521 4110 628 4154 mense
658 4088 750 4154 Febr.
782 4095 849 4167 711,
878 4091 1024 4154 vicesima
1055 4092 1167 4175 quinta
1194 4089 1287 4154 Febr.
1316 4093 1384 4169 704,
1412 4092 1556 4156 vicesima

215 4213 306 4270 sexta
328 4205 454 4269 Octobr.
480 4211 538 4268 708
561 4207 684 4271 missae.

319 4322 378 4386 Vel
403 4324 506 4386 minus
534 4323 713 4388 offensionis
740 4323 876 4389 alterum
905 4324 965 4390 hoc
986 4347 1036 4390 me
1057 4327 1160 4390 iudice
1181 4325 1328 4411 praebet,
1358 4325 1444 4411 quod
1472 4327 1556 4389 inter

213 4442 384 4521 nonaginta
411 4449 476 4504 tres
503 4415 655 4526 epistulas
681 4441 835 4505 librorum
865 4444 900 4520 ll,
923 4442 974 4521 lll,
997 4442 1065 4507 XII.
1096 4451 1162 4506 tres
1190 4443 1346 4524 leguntur,
1373 4463 1454 4528 quae
1481 4450 1555 4506 ante
1618 4489 1623 4500 .

212 4579 350 4623 mensem
378 4556 496 4621 Maium
526 4561 600 4621 anni
631 4564 690 4621 710
719 4560 813 4624 datae
843 4566 917 4624 sunt
946 4561 999 4644 (17
1009 4599 1048 4608 —
1061 4559 1121 4646 19).
1165 4560 1278 4625 Omnia
1306 4563 1389 4624 enim
1416 4561 1494 4625 benc
1522 4582 1555 4625 se

212 4676 339 4754 habent,
369 4676 395 4739 si
422 4676 568 4759 pommus
588 4676 735 4740 Tironem
754 4677 818 4759 'has
847 4686 912 4742 tres
933 4679 1084 4763 epistulas
1105 4682 1279 4763 repperisse
1301 4681 1405 4764 priore
1426 4699 1556 4764 corpore
