<?xml version="1.0" encoding="UTF-8"?>
<!DOCTYPE html PUBLIC "-//W3C//DTD XHTML 1.0 Transitional//EN"
    "http://www.w3.org/TR/xhtml1/DTD/xhtml1-transitional.dtd">
<html xmlns="http://www.w3.org/1999/xhtml" xml:lang="en" lang="en">
 <head>
  <title>
</title>
<meta http-equiv="Content-Type" content="text/html;charset=utf-8" />
  <meta name='ocr-system' content='tesseract 3.04.00' />
  <meta name='ocr-capabilities' content='ocr_page ocr_carea ocr_par ocr_line ocrx_word'/>
</head>
<body>
  <div class='ocr_page' id='page_1' title='image "./demtulliciceron01gurlgoog_0034.png"; bbox 0 0 3586 5266; ppageno 0'>
   <div class='ocr_carea' id='block_1_1' title="bbox 879 157 919 216">
    <p class='ocr_par' dir='ltr' id='par_1_1' title="bbox 879 157 919 216">
     <span class='ocr_line' id='line_1_1' title="bbox 879 157 919 216; baseline -0.025 0"><span class='ocrx_word' id='word_1_1' title='bbox 879 157 919 216; x_wconf 83' lang='grc'>27</span> 
     </span>
    </p>
   </div>
   <div class='ocr_carea' id='block_1_2' title="bbox 795 241 997 251">
    <p class='ocr_par' dir='ltr' id='par_1_2' title="bbox 795 241 997 251">
     <span class='ocr_line' id='line_1_2' title="bbox 795 241 997 251; baseline 0 -1"><span class='ocrx_word' id='word_1_2' title='bbox 795 241 997 251; x_wconf 56' lang='grc' dir='ltr'>-ι--α</span> 
     </span>
    </p>
   </div>
   <div class='ocr_carea' id='block_1_3' title="bbox 176 418 1668 1572">
    <p class='ocr_par' dir='ltr' id='par_1_3' title="bbox 176 418 1668 1572">
     <span class='ocr_line' id='line_1_3' title="bbox 229 418 1573 505; baseline 0.002 -22"><span class='ocrx_word' id='word_1_3' title='bbox 229 419 406 484; x_wconf 69' lang='lat' dir='ltr'>accuratius</span> <span class='ocrx_word' id='word_1_4' title='bbox 427 419 641 500; x_wconf 80' lang='lat' dir='ltr'><strong>cognoscimus</strong></span> <span class='ocrx_word' id='word_1_5' title='bbox 663 421 840 498; x_wconf 84' lang='lat' dir='ltr'>terminum,</span> <span class='ocrx_word' id='word_1_6' title='bbox 863 441 926 505; x_wconf 86' lang='lat' dir='ltr'>quo</span> <span class='ocrx_word' id='word_1_7' title='bbox 942 418 1016 483; x_wconf 86' lang='lat' dir='ltr'>Tiro</span> <span class='ocrx_word' id='word_1_8' title='bbox 1038 419 1155 484; x_wconf 92' lang='lat' dir='ltr'>librum</span> <span class='ocrx_word' id='word_1_9' title='bbox 1172 419 1240 484; x_wconf 89' lang='lat' dir='ltr'><strong>XV.</strong></span> <span class='ocrx_word' id='word_1_10' title='bbox 1255 420 1433 500; x_wconf 83' lang='lat' dir='ltr'>absolverit,</span> <span class='ocrx_word' id='word_1_11' title='bbox 1456 422 1573 486; x_wconf 90' lang='lat' dir='ltr'>librum</span> 
     </span>
     <span class='ocr_line' id='line_1_4' title="bbox 231 537 1572 621; baseline 0.004 -22"><span class='ocrx_word' id='word_1_12' title='bbox 231 537 301 600; x_wconf 92' lang='lat' dir='ltr'><strong>XII.</strong></span> <span class='ocrx_word' id='word_1_13' title='bbox 326 557 511 621; x_wconf 88' lang='lat' dir='ltr'>componere</span> <span class='ocrx_word' id='word_1_14' title='bbox 533 538 717 601; x_wconf 88' lang='lat' dir='ltr'>instituerit.</span> <span class='ocrx_word' id='word_1_15' title='bbox 761 537 870 621; x_wconf 91' lang='lat' dir='ltr'>Neque</span> <span class='ocrx_word' id='word_1_16' title='bbox 891 560 965 604; x_wconf 82' lang='lat' dir='ltr'>uero</span> <span class='ocrx_word' id='word_1_17' title='bbox 986 538 1118 602; x_wconf 84' lang='lat' dir='ltr'>eandem</span> <span class='ocrx_word' id='word_1_18' title='bbox 1140 559 1268 603; x_wconf 88' lang='lat' dir='ltr'>causam</span> <span class='ocrx_word' id='word_1_19' title='bbox 1289 559 1371 620; x_wconf 87' lang='lat' dir='ltr'>osse,</span> <span class='ocrx_word' id='word_1_20' title='bbox 1399 561 1455 604; x_wconf 92' lang='lat' dir='ltr'>cur</span> <span class='ocrx_word' id='word_1_21' title='bbox 1476 543 1572 605; x_wconf 86' lang='lat' dir='ltr'>etiam</span> 
     </span>
     <span class='ocr_line' id='line_1_5' title="bbox 229 654 1572 758; baseline 0.004 -41"><span class='ocrx_word' id='word_1_22' title='bbox 229 654 382 758; x_wconf 73' lang='lat' dir='ltr'>epistulae</span> <span class='ocrx_word' id='word_1_23' title='bbox 403 654 443 717; x_wconf 94' lang='lat' dir='ltr'><strong>X.</strong></span> <span class='ocrx_word' id='word_1_24' title='bbox 462 660 501 717; x_wconf 89' lang='grc'>28</span> <span class='ocrx_word' id='word_1_25' title='bbox 520 663 552 718; x_wconf 90' lang='lat' dir='ltr'>et</span> <span class='ocrx_word' id='word_1_26' title='bbox 567 655 636 717; x_wconf 91' lang='lat' dir='ltr'><strong>XII.</strong></span> <span class='ocrx_word' id='word_1_27' title='bbox 657 662 691 718; x_wconf 88' lang='lat'>16</span> <span class='ocrx_word' id='word_1_28' title='bbox 713 655 780 719; x_wconf 91' lang='lat' dir='ltr'>Ioco</span> <span class='ocrx_word' id='word_1_29' title='bbox 806 656 981 720; x_wconf 83' lang='lat' dir='ltr'>disimictae</span> <span class='ocrx_word' id='word_1_30' title='bbox 1003 657 1074 733; x_wconf 85' lang='lat' dir='ltr'>sint,</span> <span class='ocrx_word' id='word_1_31' title='bbox 1098 657 1175 720; x_wconf 87' lang='lat' dir='ltr'>satis</span> <span class='ocrx_word' id='word_1_32' title='bbox 1192 665 1334 742; x_wconf 83' lang='lat' dir='ltr'>apparet,</span> <span class='ocrx_word' id='word_1_33' title='bbox 1355 679 1454 742; x_wconf 90' lang='lat' dir='ltr'>quum</span> <span class='ocrx_word' id='word_1_34' title='bbox 1475 659 1572 722; x_wconf 91' lang='lat' dir='ltr'>libro·</span> 
     </span>
     <span class='ocr_line' id='line_1_6' title="bbox 227 772 1572 859; baseline 0.004 -24"><span class='ocrx_word' id='word_1_35' title='bbox 227 795 299 836; x_wconf 85' lang='lat' dir='ltr'>rum</span> <span class='ocrx_word' id='word_1_36' title='bbox 321 772 358 850; x_wconf 92' lang='lat' dir='ltr'>X,</span> <span class='ocrx_word' id='word_1_37' title='bbox 381 772 434 850; x_wconf 85' lang='lat' dir='ltr'>XI,</span> <span class='ocrx_word' id='word_1_38' title='bbox 456 772 526 836; x_wconf 92' lang='lat' dir='ltr'><strong>XII.</strong></span> <span class='ocrx_word' id='word_1_39' title='bbox 549 794 679 858; x_wconf 82' lang='lat' dir='ltr'>prorsus</span> <span class='ocrx_word' id='word_1_40' title='bbox 701 775 833 838; x_wconf 90' lang='lat' dir='ltr'>eandem</span> <span class='ocrx_word' id='word_1_41' title='bbox 854 775 1064 838; x_wconf 82' lang='lat' dir='ltr'>conditIonem</span> <span class='ocrx_word' id='word_1_42' title='bbox 1085 773 1179 839; x_wconf 82' lang='lat' dir='ltr'>fuisse</span> <span class='ocrx_word' id='word_1_43' title='bbox 1197 774 1287 838; x_wconf 92' lang='lat' dir='ltr'>nobis</span> <span class='ocrx_word' id='word_1_44' title='bbox 1305 775 1347 838; x_wconf 91' lang='lat' dir='ltr'>sit</span> <span class='ocrx_word' id='word_1_45' title='bbox 1364 777 1572 859; x_wconf 82' lang='lat' dir='ltr'>exploratum.</span> 
     </span>
     <span class='ocr_line' id='line_1_7' title="bbox 228 891 1573 979; baseline 0.002 -25"><span class='ocrx_word' id='word_1_46' title='bbox 228 892 333 976; x_wconf 80' lang='lat' dir='ltr'><strong>Atque</strong></span> <span class='ocrx_word' id='word_1_47' title='bbox 356 892 481 955; x_wconf 92' lang='lat' dir='ltr'>omnino</span> <span class='ocrx_word' id='word_1_48' title='bbox 504 891 599 955; x_wconf 90' lang='lat' dir='ltr'>huius</span> <span class='ocrx_word' id='word_1_49' title='bbox 620 893 666 956; x_wconf 90' lang='lat' dir='ltr'>rei</span> <span class='ocrx_word' id='word_1_50' title='bbox 688 893 714 956; x_wconf 87' lang='lat' dir='ltr'>si</span> <span class='ocrx_word' id='word_1_51' title='bbox 734 913 795 956; x_wconf 89' lang='lat' dir='ltr'>non</span> <span class='ocrx_word' id='word_1_52' title='bbox 818 893 935 956; x_wconf 83' lang='lat' dir='ltr'>iustam</span> <span class='ocrx_word' id='word_1_53' title='bbox 957 913 1084 956; x_wconf 86' lang='lat' dir='ltr'>causam</span> <span class='ocrx_word' id='word_1_54' title='bbox 1105 900 1140 956; x_wconf 88' lang='lat' dir='ltr'>at</span> <span class='ocrx_word' id='word_1_55' title='bbox 1156 899 1275 956; x_wconf 90' lang='lat' dir='ltr'>certam</span> <span class='ocrx_word' id='word_1_56' title='bbox 1291 895 1446 957; x_wconf 90' lang='lat' dir='ltr'>rationem</span> <span class='ocrx_word' id='word_1_57' title='bbox 1463 915 1573 979; x_wconf 87' lang='lat' dir='ltr'>possu-</span> 
     </span>
     <span class='ocr_line' id='line_1_8' title="bbox 227 1009 1572 1094; baseline 0.001 -22"><span class='ocrx_word' id='word_1_58' title='bbox 227 1031 298 1072; x_wconf 88' lang='lat' dir='ltr'>mus</span> <span class='ocrx_word' id='word_1_59' title='bbox 323 1029 512 1092; x_wconf 76' lang='lat' dir='ltr'>proponere,</span> <span class='ocrx_word' id='word_1_60' title='bbox 543 1030 608 1094; x_wconf 88' lang='lat' dir='ltr'>qua</span> <span class='ocrx_word' id='word_1_61' title='bbox 635 1009 816 1094; x_wconf 88' lang='lat' dir='ltr'>explicetur,</span> <span class='ocrx_word' id='word_1_62' title='bbox 846 1010 895 1073; x_wconf 89' lang='lat' dir='ltr'>vol</span> <span class='ocrx_word' id='word_1_63' title='bbox 923 1016 1099 1074; x_wconf 78' lang='lat' dir='ltr'>excusetur.</span> <span class='ocrx_word' id='word_1_64' title='bbox 1142 1009 1268 1074; x_wconf 83' lang='lat' dir='ltr'>Etenim</span> <span class='ocrx_word' id='word_1_65' title='bbox 1290 1012 1316 1074; x_wconf 93' lang='lat' dir='ltr'>si</span> <span class='ocrx_word' id='word_1_66' title='bbox 1337 1010 1436 1075; x_wconf 92' lang='lat' dir='ltr'>libros</span> <span class='ocrx_word' id='word_1_67' title='bbox 1459 1009 1497 1088; x_wconf 89' lang='lat' dir='ltr'>X,</span> <span class='ocrx_word' id='word_1_68' title='bbox 1519 1011 1572 1090; x_wconf 91' lang='lat' dir='ltr'>XI,</span> 
     </span>
     <span class='ocr_line' id='line_1_9' title="bbox 176 1126 1574 1211; baseline 0.004 -23"><span class='ocrx_word' id='word_1_69' title='bbox 176 1163 181 1170; x_wconf 86' lang='lat'><em>-</em></span> <span class='ocrx_word' id='word_1_70' title='bbox 228 1126 298 1207; x_wconf 86' lang='lat' dir='ltr'><strong>XII.</strong></span> <span class='ocrx_word' id='word_1_71' title='bbox 328 1128 556 1211; x_wconf 81' lang='lat' dir='ltr'>componimus,</span> <span class='ocrx_word' id='word_1_72' title='bbox 585 1126 645 1190; x_wconf 91' lang='lat' dir='ltr'>hoo</span> <span class='ocrx_word' id='word_1_73' title='bbox 673 1127 840 1191; x_wconf 81' lang='lat' dir='ltr'>discrimen</span> <span class='ocrx_word' id='word_1_74' title='bbox 867 1129 951 1192; x_wconf 90' lang='lat' dir='ltr'>inter</span> <span class='ocrx_word' id='word_1_75' title='bbox 978 1150 1031 1192; x_wconf 91' lang='lat' dir='ltr'>eos</span> <span class='ocrx_word' id='word_1_76' title='bbox 1059 1129 1252 1192; x_wconf 82' lang='lat' dir='ltr'>intercedere</span> <span class='ocrx_word' id='word_1_77' title='bbox 1280 1128 1353 1192; x_wconf 88' lang='lat' dir='ltr'>licet</span> <span class='ocrx_word' id='word_1_78' title='bbox 1382 1147 1574 1210; x_wconf 84' lang='lat' dir='ltr'>cognoscere,</span> 
     </span>
     <span class='ocr_line' id='line_1_10' title="bbox 228 1243 1668 1333; baseline 0.001 -25"><span class='ocrx_word' id='word_1_79' title='bbox 228 1245 313 1329; x_wconf 87' lang='lat' dir='ltr'>quod</span> <span class='ocrx_word' id='word_1_80' title='bbox 349 1245 412 1308; x_wconf 91' lang='lat' dir='ltr'>duo</span> <span class='ocrx_word' id='word_1_81' title='bbox 437 1246 559 1329; x_wconf 89' lang='lat' dir='ltr'>priores</span> <span class='ocrx_word' id='word_1_82' title='bbox 591 1243 748 1309; x_wconf 83' lang='lat' dir='ltr'>Ciceronis</span> <span class='ocrx_word' id='word_1_83' title='bbox 776 1266 947 1331; x_wconf 91' lang='lat' dir='ltr'>eorumque</span> <span class='ocrx_word' id='word_1_84' title='bbox 974 1255 1102 1310; x_wconf 89' lang='lat' dir='ltr'>mutuas</span> <span class='ocrx_word' id='word_1_85' title='bbox 1130 1247 1282 1332; x_wconf 90' lang='lat' dir='ltr'>epistulas</span> <span class='ocrx_word' id='word_1_86' title='bbox 1311 1248 1487 1325; x_wconf 85' lang='lat' dir='ltr'>contiueiit,</span> <span class='ocrx_word' id='word_1_87' title='bbox 1518 1250 1573 1333; x_wconf 89' lang='lat' dir='ltr'>qui</span> <span class='ocrx_word' id='word_1_88' title='bbox 1666 1305 1668 1310; x_wconf 90' lang='lat'><strong>.</strong></span> 
     </span>
     <span class='ocr_line' id='line_1_11' title="bbox 229 1361 1573 1449; baseline 0.001 -23"><span class='ocrx_word' id='word_1_89' title='bbox 229 1372 305 1426; x_wconf 88' lang='lat' dir='ltr'>tunc</span> <span class='ocrx_word' id='word_1_90' title='bbox 334 1369 366 1426; x_wconf 92' lang='lat' dir='ltr'>et</span> <span class='ocrx_word' id='word_1_91' title='bbox 394 1363 428 1424; x_wconf 91' lang='lat' dir='ltr'>in</span> <span class='ocrx_word' id='word_1_92' title='bbox 458 1369 593 1446; x_wconf 63' lang='lat' dir='ltr'>utraque</span> <span class='ocrx_word' id='word_1_93' title='bbox 625 1361 730 1426; x_wconf 87' lang='lat' dir='ltr'>Gallia</span> <span class='ocrx_word' id='word_1_94' title='bbox 757 1370 789 1426; x_wconf 91' lang='lat' dir='ltr'>et</span> <span class='ocrx_word' id='word_1_95' title='bbox 816 1365 848 1426; x_wconf 89' lang='lat' dir='ltr'>in</span> <span class='ocrx_word' id='word_1_96' title='bbox 881 1363 1048 1449; x_wconf 81' lang='lat' dir='ltr'>Hispania,</span> <span class='ocrx_word' id='word_1_97' title='bbox 1086 1365 1166 1428; x_wconf 90' lang='lat' dir='ltr'>liber</span> <span class='ocrx_word' id='word_1_98' title='bbox 1188 1364 1257 1427; x_wconf 93' lang='lat' dir='ltr'><strong>XII.</strong></span> <span class='ocrx_word' id='word_1_99' title='bbox 1288 1365 1440 1449; x_wconf 82' lang='lat' dir='ltr'>epistulas</span> <span class='ocrx_word' id='word_1_100' title='bbox 1465 1387 1573 1430; x_wconf 88' lang='lat' dir='ltr'>eorum</span> 
     </span>
     <span class='ocr_line' id='line_1_12' title="bbox 227 1481 1572 1572; baseline 0.003 -28"><span class='ocrx_word' id='word_1_101' title='bbox 227 1488 260 1544; x_wconf 87' lang='lat' dir='ltr'>et</span> <span class='ocrx_word' id='word_1_102' title='bbox 288 1481 330 1544; x_wconf 89' lang='lat' dir='ltr'>ad</span> <span class='ocrx_word' id='word_1_103' title='bbox 355 1501 408 1544; x_wconf 88' lang='lat' dir='ltr'>ecs</span> <span class='ocrx_word' id='word_1_104' title='bbox 429 1481 529 1572; x_wconf 78' lang='lat' dir='ltr'>datas,</span> <span class='ocrx_word' id='word_1_105' title='bbox 558 1482 612 1565; x_wconf 90' lang='lat' dir='ltr'>qui</span> <span class='ocrx_word' id='word_1_106' title='bbox 634 1482 700 1544; x_wconf 86' lang='lat' dir='ltr'>sive</span> <span class='ocrx_word' id='word_1_107' title='bbox 723 1482 756 1543; x_wconf 91' lang='lat' dir='ltr'>in</span> <span class='ocrx_word' id='word_1_108' title='bbox 779 1481 918 1559; x_wconf 81' lang='lat' dir='ltr'>Graecia,</span> <span class='ocrx_word' id='word_1_109' title='bbox 948 1484 1012 1546; x_wconf 83' lang='lat' dir='ltr'>sive</span> <span class='ocrx_word' id='word_1_110' title='bbox 1035 1484 1069 1544; x_wconf 90' lang='lat' dir='ltr'>in</span> <span class='ocrx_word' id='word_1_111' title='bbox 1088 1484 1171 1560; x_wconf 86' lang='lat' dir='ltr'>Asia,</span> <span class='ocrx_word' id='word_1_112' title='bbox 1201 1485 1317 1547; x_wconf 89' lang='lat' dir='ltr'>sivein</span> <span class='ocrx_word' id='word_1_113' title='bbox 1340 1482 1445 1548; x_wconf 82' lang='lat' dir='ltr'>Africa</span> <span class='ocrx_word' id='word_1_114' title='bbox 1467 1505 1572 1548; x_wconf 86' lang='lat' dir='ltr'>versa-</span> 
     </span>
    </p>
   </div>
   <div class='ocr_carea' id='block_1_4' title="bbox 229 1598 1574 1686">
    <p class='ocr_par' dir='ltr' id='par_1_4' title="bbox 229 1598 1574 1686">
     <span class='ocr_line' id='line_1_13' title="bbox 229 1598 1574 1686; baseline 0.004 -25"><span class='ocrx_word' id='word_1_115' title='bbox 229 1598 354 1662; x_wconf 80' lang='lat' dir='ltr'>bantur.</span> <span class='ocrx_word' id='word_1_116' title='bbox 399 1598 516 1662; x_wconf 90' lang='lat' dir='ltr'>Verum</span> <span class='ocrx_word' id='word_1_117' title='bbox 537 1605 713 1683; x_wconf 86' lang='lat' dir='ltr'>exponetur</span> <span class='ocrx_word' id='word_1_118' title='bbox 736 1599 796 1663; x_wconf 92' lang='lat' dir='ltr'>hoo</span> <span class='ocrx_word' id='word_1_119' title='bbox 817 1601 994 1664; x_wconf 90' lang='lat' dir='ltr'>accuratius</span> <span class='ocrx_word' id='word_1_120' title='bbox 1015 1622 1078 1664; x_wconf 92' lang='lat' dir='ltr'>non</span> <span class='ocrx_word' id='word_1_121' title='bbox 1101 1607 1167 1664; x_wconf 87' lang='lat' dir='ltr'>tam</span> <span class='ocrx_word' id='word_1_122' title='bbox 1189 1602 1282 1664; x_wconf 91' lang='lat' dir='ltr'>unius</span> <span class='ocrx_word' id='word_1_123' title='bbox 1304 1601 1398 1665; x_wconf 90' lang='lat' dir='ltr'>huius</span> <span class='ocrx_word' id='word_1_124' title='bbox 1420 1602 1574 1686; x_wconf 88' lang='lat' dir='ltr'>epistulae</span> 
     </span>
    </p>
   </div>
   <div class='ocr_carea' id='block_1_5' title="bbox 226 1717 1576 4738">
    <p class='ocr_par' dir='ltr' id='par_1_5' title="bbox 226 1717 1574 1919">
     <span class='ocr_line' id='line_1_14' title="bbox 227 1717 1574 1803; baseline 0.001 -23"><span class='ocrx_word' id='word_1_125' title='bbox 227 1717 337 1797; x_wconf 78' lang='lat' dir='ltr'>gratia,</span> <span class='ocrx_word' id='word_1_126' title='bbox 359 1737 458 1800; x_wconf 90' lang='lat' dir='ltr'>quum</span> <span class='ocrx_word' id='word_1_127' title='bbox 479 1723 516 1779; x_wconf 90' lang='lat' dir='ltr'>ut</span> <span class='ocrx_word' id='word_1_128' title='bbox 537 1717 788 1781; x_wconf 82' lang='lat' dir='ltr'>demonstremus</span> <span class='ocrx_word' id='word_1_129' title='bbox 809 1719 925 1782; x_wconf 88' lang='lat' dir='ltr'>iniuste</span> <span class='ocrx_word' id='word_1_130' title='bbox 946 1717 1048 1782; x_wconf 84' lang='lat' dir='ltr'>facere</span> <span class='ocrx_word' id='word_1_131' title='bbox 1070 1737 1130 1795; x_wconf 89' lang='lat' dir='ltr'>eos,</span> <span class='ocrx_word' id='word_1_132' title='bbox 1153 1721 1207 1803; x_wconf 92' lang='lat' dir='ltr'>qui</span> <span class='ocrx_word' id='word_1_133' title='bbox 1226 1738 1289 1782; x_wconf 92' lang='lat' dir='ltr'>non</span> <span class='ocrx_word' id='word_1_134' title='bbox 1307 1719 1454 1783; x_wconf 90' lang='lat' dir='ltr'>desinant</span> <span class='ocrx_word' id='word_1_135' title='bbox 1467 1718 1574 1784; x_wconf 87' lang='lat' dir='ltr'>Tironi</span> 
     </span>
     <span class='ocr_line' id='line_1_15' title="bbox 226 1834 1324 1919; baseline 0 -20"><span class='ocrx_word' id='word_1_136' title='bbox 226 1855 381 1899; x_wconf 89' lang='lat' dir='ltr'>summam</span> <span class='ocrx_word' id='word_1_137' title='bbox 403 1835 436 1896; x_wconf 92' lang='lat' dir='ltr'>in</span> <span class='ocrx_word' id='word_1_138' title='bbox 458 1834 602 1918; x_wconf 79' lang='lat' dir='ltr'>epistuIIs</span> <span class='ocrx_word' id='word_1_139' title='bbox 624 1835 827 1919; x_wconf 90' lang='lat' dir='ltr'>disponendis</span> <span class='ocrx_word' id='word_1_140' title='bbox 849 1835 1074 1916; x_wconf 83' lang='lat' dir='ltr'>negligentiam</span> <span class='ocrx_word' id='word_1_141' title='bbox 1094 1837 1216 1899; x_wconf 88' lang='lat' dir='ltr'>crimini</span> <span class='ocrx_word' id='word_1_142' title='bbox 1238 1837 1324 1900; x_wconf 89' lang='lat' dir='ltr'>dare.</span> 
     </span>
    </p>

    <p class='ocr_par' dir='ltr' id='par_1_6' title="bbox 227 1951 1573 2134">
     <span class='ocr_line' id='line_1_16' title="bbox 329 1951 1573 2039; baseline 0.002 -25"><span class='ocrx_word' id='word_1_143' title='bbox 329 1951 441 2037; x_wconf 87' lang='lat' dir='ltr'>Itaque</span> <span class='ocrx_word' id='word_1_144' title='bbox 470 1959 507 2015; x_wconf 90' lang='lat' dir='ltr'>ut</span> <span class='ocrx_word' id='word_1_145' title='bbox 534 1951 686 2037; x_wconf 90' lang='lat' dir='ltr'>epistulas</span> <span class='ocrx_word' id='word_1_146' title='bbox 713 1954 810 2016; x_wconf 91' lang='lat' dir='ltr'>trium</span> <span class='ocrx_word' id='word_1_147' title='bbox 840 1953 954 2018; x_wconf 89' lang='lat' dir='ltr'>horum</span> <span class='ocrx_word' id='word_1_148' title='bbox 981 1952 1135 2017; x_wconf 88' lang='lat' dir='ltr'>librorum</span> <span class='ocrx_word' id='word_1_149' title='bbox 1164 1955 1311 2039; x_wconf 84' lang='lat' dir='ltr'>deiiiceps</span> <span class='ocrx_word' id='word_1_150' title='bbox 1338 1973 1573 2038; x_wconf 84' lang='lat' dir='ltr'>persequamur,</span> 
     </span>
     <span class='ocr_line' id='line_1_17' title="bbox 227 2070 434 2134; baseline -0.01 0"><span class='ocrx_word' id='word_1_151' title='bbox 227 2070 320 2134; x_wconf 67' lang='lat' dir='ltr'>data</span> <span class='ocrx_word' id='word_1_152' title='bbox 341 2077 434 2134; x_wconf 82' lang='lat' dir='ltr'>sunt:</span> 
     </span>
    </p>

    <p class='ocr_par' dir='ltr' id='par_1_7' title="bbox 226 2186 1574 2273">
     <span class='ocr_line' id='line_1_18' title="bbox 226 2186 1574 2273; baseline 0.001 -23"><span class='ocrx_word' id='word_1_153' title='bbox 226 2187 265 2250; x_wconf 91' lang='lat' dir='ltr'>X.</span> <span class='ocrx_word' id='word_1_154' title='bbox 291 2193 435 2252; x_wconf 81' lang='lat' dir='ltr'>1—24a</span> <span class='ocrx_word' id='word_1_155' title='bbox 461 2186 609 2252; x_wconf 89' lang='lat' dir='ltr'>Planco</span> <span class='ocrx_word' id='word_1_156' title='bbox 646 2195 679 2250; x_wconf 91' lang='lat' dir='ltr'>et</span> <span class='ocrx_word' id='word_1_157' title='bbox 713 2187 754 2250; x_wconf 91' lang='lat' dir='ltr'>ad</span> <span class='ocrx_word' id='word_1_158' title='bbox 783 2187 935 2252; x_wconf 88' lang='lat' dir='ltr'>Plancum</span> <span class='ocrx_word' id='word_1_159' title='bbox 973 2188 1146 2253; x_wconf 87' lang='lat' dir='ltr'>Galliam</span> <span class='ocrx_word' id='word_1_160' title='bbox 1183 2189 1481 2273; x_wconf 84' lang='lat' dir='ltr'>transalpinam</span> <span class='ocrx_word' id='word_1_161' title='bbox 1518 2188 1574 2252; x_wconf 84' lang='lat' dir='ltr'>ed-</span> 
     </span>
    </p>

    <p class='ocr_par' dir='ltr' id='par_1_8' title="bbox 482 2307 724 2370">
     <span class='ocr_line' id='line_1_19' title="bbox 482 2307 724 2370; baseline -0.008 -2"><span class='ocrx_word' id='word_1_162' title='bbox 482 2307 724 2370; x_wconf 86' lang='lat' dir='ltr'>ministrantem.</span> 
     </span>
    </p>

    <p class='ocr_par' dir='ltr' id='par_1_9' title="bbox 292 2422 1575 2604">
     <span class='ocr_line' id='line_1_20' title="bbox 292 2422 1575 2508; baseline 0.004 -24"><span class='ocrx_word' id='word_1_163' title='bbox 292 2428 330 2486; x_wconf 80' lang='grc'>25</span> <span class='ocrx_word' id='word_1_164' title='bbox 353 2432 386 2487; x_wconf 91' lang='lat' dir='ltr'>et</span> <span class='ocrx_word' id='word_1_165' title='bbox 408 2429 446 2486; x_wconf 90' lang='grc'>26</span> <span class='ocrx_word' id='word_1_166' title='bbox 477 2424 518 2487; x_wconf 87' lang='lat' dir='ltr'>ad</span> <span class='ocrx_word' id='word_1_167' title='bbox 545 2422 754 2500; x_wconf 87' lang='lat' dir='ltr'>Furnium,</span> <span class='ocrx_word' id='word_1_168' title='bbox 791 2422 897 2487; x_wconf 89' lang='lat' dir='ltr'>Planci</span> <span class='ocrx_word' id='word_1_169' title='bbox 930 2422 1070 2504; x_wconf 84' lang='lat' dir='ltr'>legatum</span> <span class='ocrx_word' id='word_1_170' title='bbox 1104 2423 1155 2508; x_wconf 85' lang='lat' dir='ltr'>(cf.</span> <span class='ocrx_word' id='word_1_171' title='bbox 1179 2423 1218 2486; x_wconf 91' lang='lat' dir='ltr'>X.</span> <span class='ocrx_word' id='word_1_172' title='bbox 1244 2429 1272 2488; x_wconf 88' lang='grc'>8.</span> <span class='ocrx_word' id='word_1_173' title='bbox 1298 2429 1329 2504; x_wconf 84' lang='grc'>5)</span> <span class='ocrx_word' id='word_1_174' title='bbox 1359 2424 1476 2488; x_wconf 89' lang='lat' dir='ltr'>ibidem</span> <span class='ocrx_word' id='word_1_175' title='bbox 1507 2447 1575 2489; x_wconf 88' lang='lat' dir='ltr'>ver-</span> 
     </span>
     <span class='ocr_line' id='line_1_21' title="bbox 482 2548 613 2604; baseline -0.015 1"><span class='ocrx_word' id='word_1_176' title='bbox 482 2548 613 2604; x_wconf 87' lang='lat' dir='ltr'>sautem.</span> 
     </span>
    </p>

    <p class='ocr_par' dir='ltr' id='par_1_10' title="bbox 292 2656 1442 2743">
     <span class='ocr_line' id='line_1_22' title="bbox 292 2656 1442 2743; baseline 0.001 -23"><span class='ocrx_word' id='word_1_177' title='bbox 292 2663 329 2721; x_wconf 86' lang='grc'>27</span> <span class='ocrx_word' id='word_1_178' title='bbox 353 2658 394 2720; x_wconf 90' lang='lat' dir='ltr'>ad</span> <span class='ocrx_word' id='word_1_179' title='bbox 417 2657 627 2743; x_wconf 85' lang='lat' dir='ltr'>Lepidum,</span> <span class='ocrx_word' id='word_1_180' title='bbox 650 2659 704 2743; x_wconf 92' lang='lat' dir='ltr'>qui</span> <span class='ocrx_word' id='word_1_181' title='bbox 725 2665 801 2721; x_wconf 90' lang='lat' dir='ltr'>tuuc</span> <span class='ocrx_word' id='word_1_182' title='bbox 824 2657 986 2722; x_wconf 86' lang='lat' dir='ltr'>Galliae</span> <span class='ocrx_word' id='word_1_183' title='bbox 1008 2656 1264 2722; x_wconf 88' lang='lat' dir='ltr'>Narbonensi</span> <span class='ocrx_word' id='word_1_184' title='bbox 1286 2667 1442 2742; x_wconf 89' lang='lat' dir='ltr'>praeerat.</span> 
     </span>
    </p>

    <p class='ocr_par' dir='ltr' id='par_1_11' title="bbox 282 2774 1573 2979">
     <span class='ocr_line' id='line_1_23' title="bbox 282 2774 1573 2862; baseline 0.001 -25"><span class='ocrx_word' id='word_1_185' title='bbox 282 2774 331 2862; x_wconf 84' lang='grc'>[23</span> <span class='ocrx_word' id='word_1_186' title='bbox 355 2775 396 2838; x_wconf 91' lang='lat' dir='ltr'>ad</span> <span class='ocrx_word' id='word_1_187' title='bbox 419 2775 667 2844; x_wconf 84' lang='lat' dir='ltr'>Trebonium</span> <span class='ocrx_word' id='word_1_188' title='bbox 688 2775 845 2839; x_wconf 89' lang='lat' dir='ltr'>consulari</span> <span class='ocrx_word' id='word_1_189' title='bbox 867 2775 999 2858; x_wconf 89' lang='lat' dir='ltr'>imperio</span> <span class='ocrx_word' id='word_1_190' title='bbox 1013 2775 1206 2858; x_wconf 81' lang='lat' dir='ltr'>provincIam</span> <span class='ocrx_word' id='word_1_191' title='bbox 1223 2776 1357 2839; x_wconf 89' lang='lat' dir='ltr'>Asiam</span> <span class='ocrx_word' id='word_1_192' title='bbox 1379 2775 1573 2840; x_wconf 86' lang='lat' dir='ltr'>obtinentem</span> 
     </span>
     <span class='ocr_line' id='line_1_24' title="bbox 483 2891 722 2979; baseline -0.008 -23"><span class='ocrx_word' id='word_1_193' title='bbox 483 2893 533 2972; x_wconf 82' lang='lat' dir='ltr'>(cf.</span> <span class='ocrx_word' id='word_1_194' title='bbox 555 2893 636 2956; x_wconf 92' lang='lat' dir='ltr'>Phil.</span> <span class='ocrx_word' id='word_1_195' title='bbox 660 2891 722 2979; x_wconf 82' lang='lat' dir='ltr'><strong>I.)].</strong></span> 
     </span>
    </p>

    <p class='ocr_par' dir='ltr' id='par_1_12' title="bbox 294 3009 1575 3212">
     <span class='ocr_line' id='line_1_25' title="bbox 294 3009 1575 3095; baseline 0.003 -24"><span class='ocrx_word' id='word_1_196' title='bbox 294 3015 332 3072; x_wconf 89' lang='grc'>29</span> <span class='ocrx_word' id='word_1_197' title='bbox 356 3010 397 3073; x_wconf 91' lang='lat' dir='ltr'>ad</span> <span class='ocrx_word' id='word_1_198' title='bbox 419 3011 592 3095; x_wconf 90' lang='lat' dir='ltr'>Appium</span> <span class='ocrx_word' id='word_1_199' title='bbox 616 3032 664 3094; x_wconf 90' lang='lat' dir='ltr'>pr.</span> <span class='ocrx_word' id='word_1_200' title='bbox 686 3009 767 3073; x_wconf 92' lang='lat' dir='ltr'>Non.</span> <span class='ocrx_word' id='word_1_201' title='bbox 792 3009 916 3086; x_wconf 83' lang='lat' dir='ltr'>Quinct.</span> <span class='ocrx_word' id='word_1_202' title='bbox 941 3012 1009 3086; x_wconf 85' lang='grc'><strong>711,</strong></span> <span class='ocrx_word' id='word_1_203' title='bbox 1040 3030 1102 3092; x_wconf 87' lang='lat' dir='ltr'>quo</span> <span class='ocrx_word' id='word_1_204' title='bbox 1124 3016 1266 3094; x_wconf 84' lang='lat' dir='ltr'>tempore</span> <span class='ocrx_word' id='word_1_205' title='bbox 1287 3029 1359 3074; x_wconf 89' lang='lat' dir='ltr'>cum</span> <span class='ocrx_word' id='word_1_206' title='bbox 1381 3012 1413 3072; x_wconf 90' lang='lat' dir='ltr'>in</span> <span class='ocrx_word' id='word_1_207' title='bbox 1437 3010 1575 3075; x_wconf 88' lang='lat' dir='ltr'>Gallia</span> 
     </span>
     <span class='ocr_line' id='line_1_26' title="bbox 480 3117 1277 3212; baseline 0 -22"><span class='ocrx_word' id='word_1_208' title='bbox 480 3128 682 3212; x_wconf 90' lang='lat' dir='ltr'>cisalpina</span> <span class='ocrx_word' id='word_1_209' title='bbox 704 3127 799 3191; x_wconf 77' lang='lat' dir='ltr'>fuisse</span> <span class='ocrx_word' id='word_1_210' title='bbox 821 3127 958 3210; x_wconf 88' lang='lat' dir='ltr'>epistula</span> <span class='ocrx_word' id='word_1_211' title='bbox 977 3124 1032 3189; x_wconf 91' lang='lat' dir='ltr'>XI.</span> <span class='ocrx_word' id='word_1_212' title='bbox 1057 3131 1095 3188; x_wconf 78' lang='grc'>22</span> <span class='ocrx_word' id='word_1_213' title='bbox 1119 3117 1277 3190; x_wconf 83' lang='lat' dir='ltr'>docemur.</span> 
     </span>
    </p>

    <p class='ocr_par' dir='ltr' id='par_1_13' title="bbox 293 3243 1012 3310">
     <span class='ocr_line' id='line_1_27' title="bbox 293 3243 1012 3310; baseline -0.003 -3"><span class='ocrx_word' id='word_1_214' title='bbox 293 3250 332 3307; x_wconf 88' lang='lat'>30</span> <span class='ocrx_word' id='word_1_215' title='bbox 356 3266 375 3308; x_wconf 89' lang='lat' dir='ltr'>a</span> <span class='ocrx_word' id='word_1_216' title='bbox 397 3244 526 3309; x_wconf 86' lang='lat' dir='ltr'>Galba</span> <span class='ocrx_word' id='word_1_217' title='bbox 547 3267 586 3310; x_wconf 83' lang='lat' dir='ltr'>ex</span> <span class='ocrx_word' id='word_1_218' title='bbox 607 3246 719 3309; x_wconf 80' lang='lat' dir='ltr'>castrIs</span> <span class='ocrx_word' id='word_1_219' title='bbox 741 3245 782 3307; x_wconf 89' lang='lat' dir='ltr'>ad</span> <span class='ocrx_word' id='word_1_220' title='bbox 803 3243 1012 3307; x_wconf 86' lang='lat' dir='ltr'>Mutinam.</span> 
     </span>
    </p>

    <p class='ocr_par' dir='ltr' id='par_1_14' title="bbox 294 3348 1200 3427">
     <span class='ocr_line' id='line_1_28' title="bbox 294 3348 1200 3427; baseline -0.001 -3"><span class='ocrx_word' id='word_1_221' title='bbox 294 3367 328 3424; x_wconf 90' lang='lat'>31</span> <span class='ocrx_word' id='word_1_222' title='bbox 360 3370 392 3426; x_wconf 91' lang='lat' dir='ltr'>et</span> <span class='ocrx_word' id='word_1_223' title='bbox 414 3368 453 3425; x_wconf 89' lang='grc'>32</span> <span class='ocrx_word' id='word_1_224' title='bbox 476 3363 519 3427; x_wconf 92' lang='lat' dir='ltr'>ab</span> <span class='ocrx_word' id='word_1_225' title='bbox 539 3364 682 3427; x_wconf 87' lang='lat' dir='ltr'>Asinio</span> <span class='ocrx_word' id='word_1_226' title='bbox 704 3361 886 3425; x_wconf 86' lang='lat' dir='ltr'>Pollione</span> <span class='ocrx_word' id='word_1_227' title='bbox 909 3360 1132 3424; x_wconf 82' lang='lat' dir='ltr'>Cordubae.</span> <span class='ocrx_word' id='word_1_228' title='bbox 1198 3348 1200 3352; x_wconf 38' lang='lat'>⁵</span> 
     </span>
    </p>

    <p class='ocr_par' dir='ltr' id='par_1_15' title="bbox 293 3479 1052 3574">
     <span class='ocr_line' id='line_1_29' title="bbox 293 3479 1052 3574; baseline 0 -32"><span class='ocrx_word' id='word_1_229' title='bbox 293 3485 333 3542; x_wconf 86' lang='lat'>33</span> <span class='ocrx_word' id='word_1_230' title='bbox 356 3479 396 3543; x_wconf 90' lang='lat' dir='ltr'>ab</span> <span class='ocrx_word' id='word_1_231' title='bbox 419 3482 526 3574; x_wconf 86' lang='lat' dir='ltr'>eodem</span> <span class='ocrx_word' id='word_1_232' title='bbox 551 3501 590 3543; x_wconf 88' lang='lat' dir='ltr'>ex</span> <span class='ocrx_word' id='word_1_233' title='bbox 613 3480 813 3564; x_wconf 88' lang='lat' dir='ltr'>Hispania</span> <span class='ocrx_word' id='word_1_234' title='bbox 833 3479 1052 3543; x_wconf 91' lang='lat' dir='ltr'>ulteriore.</span> 
     </span>
    </p>

    <p class='ocr_par' dir='ltr' id='par_1_16' title="bbox 293 3595 1574 3791">
     <span class='ocr_line' id='line_1_30' title="bbox 293 3595 1574 3684; baseline -0.002 -24"><span class='ocrx_word' id='word_1_235' title='bbox 293 3603 332 3660; x_wconf 86' lang='grc'>34</span> <span class='ocrx_word' id='word_1_236' title='bbox 355 3604 387 3660; x_wconf 90' lang='lat' dir='ltr'>et</span> <span class='ocrx_word' id='word_1_237' title='bbox 410 3603 448 3660; x_wconf 73' lang='lat'>35</span> <span class='ocrx_word' id='word_1_238' title='bbox 472 3617 492 3660; x_wconf 90' lang='lat' dir='ltr'>a</span> <span class='ocrx_word' id='word_1_239' title='bbox 520 3596 672 3681; x_wconf 88' lang='lat' dir='ltr'>Lepido</span> <span class='ocrx_word' id='word_1_240' title='bbox 707 3615 745 3658; x_wconf 87' lang='lat' dir='ltr'>ex</span> <span class='ocrx_word' id='word_1_241' title='bbox 773 3597 885 3659; x_wconf 90' lang='lat' dir='ltr'>castris</span> <span class='ocrx_word' id='word_1_242' title='bbox 914 3597 955 3659; x_wconf 84' lang='lat' dir='ltr'>ad</span> <span class='ocrx_word' id='word_1_243' title='bbox 982 3595 1111 3660; x_wconf 87' lang='lat' dir='ltr'>Pontem</span> <span class='ocrx_word' id='word_1_244' title='bbox 1141 3596 1332 3677; x_wconf 81' lang='lat' dir='ltr'>Argenteum</span> <span class='ocrx_word' id='word_1_245' title='bbox 1363 3598 1410 3684; x_wconf 84' lang='lat' dir='ltr'>(in</span> <span class='ocrx_word' id='word_1_246' title='bbox 1442 3595 1574 3660; x_wconf 86' lang='lat' dir='ltr'>Gallia</span> 
     </span>
     <span class='ocr_line' id='line_1_31' title="bbox 483 3713 765 3791; baseline -0.011 -14"><span class='ocrx_word' id='word_1_247' title='bbox 483 3713 765 3791; x_wconf 82' lang='lat' dir='ltr'>Narbonensi).</span> 
     </span>
    </p>

    <p class='ocr_par' dir='ltr' id='par_1_17' title="bbox 231 3830 1576 4386">
     <span class='ocr_line' id='line_1_32' title="bbox 334 3830 1574 3916; baseline -0.001 -22"><span class='ocrx_word' id='word_1_248' title='bbox 334 3830 460 3916; x_wconf 89' lang='lat' dir='ltr'>Itaque</span> <span class='ocrx_word' id='word_1_249' title='bbox 476 3852 571 3916; x_wconf 92' lang='lat' dir='ltr'>quum</span> <span class='ocrx_word' id='word_1_250' title='bbox 596 3831 669 3895; x_wconf 92' lang='lat' dir='ltr'>Tiro</span> <span class='ocrx_word' id='word_1_251' title='bbox 697 3832 813 3916; x_wconf 86' lang='lat' dir='ltr'>optime</span> <span class='ocrx_word' id='word_1_252' title='bbox 841 3851 905 3894; x_wconf 91' lang='lat' dir='ltr'>rem</span> <span class='ocrx_word' id='word_1_253' title='bbox 936 3831 982 3892; x_wconf 88' lang='lat' dir='ltr'>ita</span> <span class='ocrx_word' id='word_1_254' title='bbox 1010 3830 1199 3907; x_wconf 89' lang='lat' dir='ltr'>instituerit,</span> <span class='ocrx_word' id='word_1_255' title='bbox 1228 3837 1265 3893; x_wconf 91' lang='lat' dir='ltr'>ut</span> <span class='ocrx_word' id='word_1_256' title='bbox 1285 3830 1429 3914; x_wconf 88' lang='lat' dir='ltr'>epistulis</span> <span class='ocrx_word' id='word_1_257' title='bbox 1457 3837 1521 3892; x_wconf 83' lang='grc'>1-</span> <span class='ocrx_word' id='word_1_258' title='bbox 1535 3835 1574 3893; x_wconf 84' lang='grc'>30</span> 
     </span>
     <span class='ocr_line' id='line_1_33' title="bbox 231 3947 1575 4034; baseline -0.002 -22"><span class='ocrx_word' id='word_1_259' title='bbox 231 3957 424 4025; x_wconf 89' lang='lat' dir='ltr'>enarrentur,</span> <span class='ocrx_word' id='word_1_260' title='bbox 445 3969 652 4033; x_wconf 88' lang='lat' dir='ltr'>quaecunque</span> <span class='ocrx_word' id='word_1_261' title='bbox 673 3971 772 4034; x_wconf 92' lang='lat' dir='ltr'>prope</span> <span class='ocrx_word' id='word_1_262' title='bbox 795 3948 948 4011; x_wconf 90' lang='lat' dir='ltr'>Mutinam</span> <span class='ocrx_word' id='word_1_263' title='bbox 972 3953 1004 4010; x_wconf 92' lang='lat' dir='ltr'>et</span> <span class='ocrx_word' id='word_1_264' title='bbox 1026 3949 1058 4009; x_wconf 90' lang='lat' dir='ltr'>in</span> <span class='ocrx_word' id='word_1_265' title='bbox 1081 3954 1216 4031; x_wconf 89' lang='lat' dir='ltr'>utraque</span> <span class='ocrx_word' id='word_1_266' title='bbox 1239 3947 1343 4011; x_wconf 86' lang='lat' dir='ltr'>Gallia</span> <span class='ocrx_word' id='word_1_267' title='bbox 1364 3947 1490 4023; x_wconf 81' lang='lat' dir='ltr'>fiebant,</span> <span class='ocrx_word' id='word_1_268' title='bbox 1509 3948 1575 4031; x_wconf 90' lang='lat' dir='ltr'>epi-</span> 
     </span>
     <span class='ocr_line' id='line_1_34' title="bbox 231 4065 1576 4151; baseline -0.001 -22"><span class='ocrx_word' id='word_1_269' title='bbox 231 4067 322 4150; x_wconf 87' lang='lat' dir='ltr'>stulis</span> <span class='ocrx_word' id='word_1_270' title='bbox 343 4071 468 4130; x_wconf 87' lang='lat'><strong>31-33</strong></span> <span class='ocrx_word' id='word_1_271' title='bbox 490 4087 572 4151; x_wconf 87' lang='lat' dir='ltr'>quae</span> <span class='ocrx_word' id='word_1_272' title='bbox 592 4068 625 4128; x_wconf 91' lang='lat' dir='ltr'>iu</span> <span class='ocrx_word' id='word_1_273' title='bbox 645 4067 805 4150; x_wconf 89' lang='lat' dir='ltr'>provincia</span> <span class='ocrx_word' id='word_1_274' title='bbox 826 4065 986 4150; x_wconf 87' lang='lat' dir='ltr'>Hispania,</span> <span class='ocrx_word' id='word_1_275' title='bbox 1007 4072 1133 4149; x_wconf 90' lang='lat' dir='ltr'>praeter</span> <span class='ocrx_word' id='word_1_276' title='bbox 1149 4065 1411 4148; x_wconf 87' lang='lat' dir='ltr'>exspectationem</span> <span class='ocrx_word' id='word_1_277' title='bbox 1435 4071 1576 4130; x_wconf 83' lang='lat' dir='ltr'>extremo</span> 
     </span>
     <span class='ocr_line' id='line_1_35' title="bbox 231 4181 1573 4269; baseline -0.001 -23"><span class='ocrx_word' id='word_1_278' title='bbox 231 4183 298 4248; x_wconf 94' lang='lat' dir='ltr'>Ioco</span> <span class='ocrx_word' id='word_1_279' title='bbox 319 4185 519 4269; x_wconf 89' lang='lat' dir='ltr'>reperiuntur</span> <span class='ocrx_word' id='word_1_280' title='bbox 540 4185 652 4248; x_wconf 90' lang='lat' dir='ltr'>iterum</span> <span class='ocrx_word' id='word_1_281' title='bbox 678 4184 833 4268; x_wconf 87' lang='lat' dir='ltr'>epistulae</span> <span class='ocrx_word' id='word_1_282' title='bbox 854 4205 871 4248; x_wconf 91' lang='lat' dir='ltr'>e</span> <span class='ocrx_word' id='word_1_283' title='bbox 896 4183 1000 4247; x_wconf 89' lang='lat' dir='ltr'>Gallia</span> <span class='ocrx_word' id='word_1_284' title='bbox 1015 4182 1211 4246; x_wconf 88' lang='lat' dir='ltr'>Narbonensi</span> <span class='ocrx_word' id='word_1_285' title='bbox 1232 4181 1333 4257; x_wconf 85' lang='lat' dir='ltr'>datae,</span> <span class='ocrx_word' id='word_1_286' title='bbox 1356 4182 1402 4244; x_wconf 90' lang='lat' dir='ltr'>ita</span> <span class='ocrx_word' id='word_1_287' title='bbox 1421 4187 1458 4244; x_wconf 90' lang='lat' dir='ltr'>ut</span> <span class='ocrx_word' id='word_1_288' title='bbox 1479 4182 1573 4245; x_wconf 90' lang='lat' dir='ltr'>etiam</span> 
     </span>
     <span class='ocr_line' id='line_1_36' title="bbox 232 4297 1523 4386; baseline -0.003 -22"><span class='ocrx_word' id='word_1_289' title='bbox 232 4301 291 4366; x_wconf 90' lang='lat' dir='ltr'>hac</span> <span class='ocrx_word' id='word_1_290' title='bbox 312 4301 351 4365; x_wconf 89' lang='lat' dir='ltr'>de</span> <span class='ocrx_word' id='word_1_291' title='bbox 373 4322 468 4365; x_wconf 89' lang='lat' dir='ltr'>causa</span> <span class='ocrx_word' id='word_1_292' title='bbox 489 4323 542 4364; x_wconf 90' lang='lat' dir='ltr'>eas</span> <span class='ocrx_word' id='word_1_293' title='bbox 563 4309 673 4386; x_wconf 91' lang='lat' dir='ltr'>postea</span> <span class='ocrx_word' id='word_1_294' title='bbox 694 4300 818 4365; x_wconf 91' lang='lat' dir='ltr'>demum</span> <span class='ocrx_word' id='word_1_295' title='bbox 842 4323 862 4364; x_wconf 92' lang='lat' dir='ltr'>a</span> <span class='ocrx_word' id='word_1_296' title='bbox 884 4300 996 4365; x_wconf 84' lang='lat' dir='ltr'>TIrone</span> <span class='ocrx_word' id='word_1_297' title='bbox 1016 4302 1048 4363; x_wconf 90' lang='lat' dir='ltr'>in</span> <span class='ocrx_word' id='word_1_298' title='bbox 1070 4299 1132 4362; x_wconf 91' lang='lat' dir='ltr'>fine</span> <span class='ocrx_word' id='word_1_299' title='bbox 1153 4297 1264 4362; x_wconf 84' lang='lat' dir='ltr'>affixas</span> <span class='ocrx_word' id='word_1_300' title='bbox 1286 4319 1353 4362; x_wconf 91' lang='lat' dir='ltr'>esse</span> <span class='ocrx_word' id='word_1_301' title='bbox 1373 4298 1523 4362; x_wconf 90' lang='lat' dir='ltr'>dicamus.</span> 
     </span>
    </p>

    <p class='ocr_par' dir='ltr' id='par_1_18' title="bbox 233 4416 1575 4738">
     <span class='ocr_line' id='line_1_37' title="bbox 336 4416 1574 4504; baseline -0.004 -22"><span class='ocrx_word' id='word_1_302' title='bbox 336 4417 436 4500; x_wconf 83' lang='lat' dir='ltr'>MagIs</span> <span class='ocrx_word' id='word_1_303' title='bbox 465 4419 558 4482; x_wconf 87' lang='lat' dir='ltr'>ctiam</span> <span class='ocrx_word' id='word_1_304' title='bbox 589 4419 728 4483; x_wconf 88' lang='lat' dir='ltr'>ordinem</span> <span class='ocrx_word' id='word_1_305' title='bbox 759 4417 963 4502; x_wconf 87' lang='lat' dir='ltr'>epistularum</span> <span class='ocrx_word' id='word_1_306' title='bbox 996 4416 1131 4481; x_wconf 90' lang='lat' dir='ltr'>Treboni</span> <span class='ocrx_word' id='word_1_307' title='bbox 1166 4416 1221 4480; x_wconf 89' lang='lat' dir='ltr'>illa</span> <span class='ocrx_word' id='word_1_308' title='bbox 1256 4416 1380 4492; x_wconf 88' lang='lat' dir='ltr'>turbat,</span> <span class='ocrx_word' id='word_1_309' title='bbox 1416 4436 1515 4500; x_wconf 90' lang='lat' dir='ltr'>quum</span> <span class='ocrx_word' id='word_1_310' title='bbox 1541 4417 1574 4504; x_wconf 88' lang='lat' dir='ltr'>in</span> 
     </span>
     <span class='ocr_line' id='line_1_38' title="bbox 233 4533 1575 4625; baseline -0.004 -26"><span class='ocrx_word' id='word_1_311' title='bbox 233 4537 339 4601; x_wconf 92' lang='lat' dir='ltr'>Asiam</span> <span class='ocrx_word' id='word_1_312' title='bbox 367 4537 464 4600; x_wconf 92' lang='lat' dir='ltr'>missa</span> <span class='ocrx_word' id='word_1_313' title='bbox 493 4537 577 4599; x_wconf 79' lang='lat' dir='ltr'>Inter</span> <span class='ocrx_word' id='word_1_314' title='bbox 605 4558 658 4600; x_wconf 87' lang='lat' dir='ltr'>eas</span> <span class='ocrx_word' id='word_1_315' title='bbox 679 4537 869 4621; x_wconf 86' lang='lat' dir='ltr'>reperiatur,</span> <span class='ocrx_word' id='word_1_316' title='bbox 898 4557 978 4621; x_wconf 90' lang='lat' dir='ltr'>quae</span> <span class='ocrx_word' id='word_1_317' title='bbox 1000 4543 1074 4599; x_wconf 88' lang='lat' dir='ltr'>sunt</span> <span class='ocrx_word' id='word_1_318' title='bbox 1091 4536 1135 4625; x_wconf 32' lang='lat' dir='ltr'>&#39;de</span> <span class='ocrx_word' id='word_1_319' title='bbox 1156 4533 1251 4597; x_wconf 89' lang='lat' dir='ltr'>rebus</span> <span class='ocrx_word' id='word_1_320' title='bbox 1273 4533 1315 4596; x_wconf 84' lang='lat' dir='ltr'>ad</span> <span class='ocrx_word' id='word_1_321' title='bbox 1335 4533 1575 4616; x_wconf 89' lang='lat' dir='ltr'>septemtriones</span> 
     </span>
     <span class='ocr_line' id='line_1_39' title="bbox 233 4647 1574 4738; baseline -0.005 -21"><span class='ocrx_word' id='word_1_322' title='bbox 233 4655 342 4734; x_wconf 82' lang='lat' dir='ltr'>gestis3</span> <span class='ocrx_word' id='word_1_323' title='bbox 380 4654 484 4738; x_wconf 74' lang='lat' dir='ltr'>Atque</span> <span class='ocrx_word' id='word_1_324' title='bbox 514 4674 612 4737; x_wconf 91' lang='lat' dir='ltr'>quum</span> <span class='ocrx_word' id='word_1_325' title='bbox 642 4655 784 4731; x_wconf 81' lang='lat' dir='ltr'>accedat,</span> <span class='ocrx_word' id='word_1_326' title='bbox 823 4661 860 4716; x_wconf 90' lang='lat' dir='ltr'>ut</span> <span class='ocrx_word' id='word_1_327' title='bbox 894 4653 1003 4716; x_wconf 89' lang='lat' dir='ltr'>eadem</span> <span class='ocrx_word' id='word_1_328' title='bbox 1031 4652 1109 4716; x_wconf 90' lang='lat' dir='ltr'>haec</span> <span class='ocrx_word' id='word_1_329' title='bbox 1133 4651 1269 4736; x_wconf 89' lang='lat' dir='ltr'>epistula</span> <span class='ocrx_word' id='word_1_330' title='bbox 1296 4656 1406 4714; x_wconf 88' lang='lat' dir='ltr'>contra</span> <span class='ocrx_word' id='word_1_331' title='bbox 1432 4647 1574 4729; x_wconf 81' lang='lat' dir='ltr'>regulam</span> 
     </span>
    </p>
   </div>
   <div class='ocr_carea' id='block_1_6' title="bbox 0 0 1798 5266">
    <p class='ocr_par' dir='ltr' id='par_1_19' title="bbox 0 0 1798 5266">
     <span class='ocr_line' id='line_1_40' title="bbox 0 0 1798 5266; baseline 0 0"><span class='ocrx_word' id='word_1_332' title='bbox 0 0 1798 5266; x_wconf 95' lang='lat' dir='ltr'> </span> 
     </span>
    </p>
   </div>
  </div>
 </body>
</html>
