3586 5266
766 185 1053 277 „is-..-

297 446 460 511 Summum
482 447 634 511 auxilium
659 447 700 509 ad
722 467 792 510 eam
814 450 1003 514 sententiam
1022 447 1231 526 refutandam,
1251 457 1416 530 tamquam
1433 454 1536 517 editae

192 566 323 628 fuissent
353 572 554 646 praetereas
578 565 743 646 epistulae,
771 569 905 646 quaein
928 566 1001 630 XVI
1035 566 1085 646 his
1107 567 1197 633 libris
1219 576 1360 646 exstant,
1390 571 1470 634 aliae
1494 572 1536 634 ad

191 685 317 748 eosdem
337 683 438 759 datae,
459 703 555 764 supra
576 683 650 746 inde
673 685 890 762 quaesivimus,
913 685 999 765 quod
1020 706 1100 764 quos
1123 686 1206 750 locos
1227 688 1351 766 antiqui
1368 689 1537 770 scriptores

192 825 231 866 ex
253 802 396 883 epistulis
419 801 537 864 eisdem
565 801 725 882 inscriptis
748 801 898 880 afferunt,
930 824 1065 882 quorum
1082 803 1246 884 epistulae
1274 806 1334 869 etsi
1363 827 1481 887 paucae
1503 808 1535 868 in

192 921 251 985 hoc
278 940 408 1001 corpore
437 919 597 999 leguntur,
629 918 730 982 eidem
750 919 809 984 loci
839 921 921 984 inter
944 920 1002 984 has
1023 921 1154 1001 reperiri
1176 921 1287 987 solent.
1331 921 1440 1003 Neque
1462 945 1535 987 vero
1647 972 1649 977 .

191 1039 247 1104 illa
269 1039 429 1101 occasione
451 1036 633 1113 celavimus,
662 1057 728 1102 esse
751 1045 871 1116 tamen,
901 1038 940 1101 de
963 1039 1079 1119 quibus
1101 1039 1161 1103 hoc
1181 1061 1241 1102 non
1263 1039 1374 1104 valeat.
1417 1040 1464 1103 De
1485 1040 1535 1104 his

186 1178 278 1220 nunc
300 1155 469 1218 videndum
490 1162 548 1220 est.

295 1274 400 1354 Atque
421 1274 559 1354 primmn
575 1273 704 1354 quidem
719 1274 773 1336 uni
796 1272 949 1355 epistulae
965 1274 1006 1340 ad
1025 1272 1198 1350 Caesarem,
1222 1275 1277 1338 uni
1296 1274 1338 1338 ad
1352 1274 1536 1357 Pompeium

191 1394 285 1458 datae
308 1391 363 1478 (V,
388 1397 404 1454 7
428 1400 460 1455 et
482 1391 549 1469 VII,
573 1394 612 1472 d)
642 1390 721 1454 nihil
751 1412 806 1454 nos
835 1392 997 1468 tribuisse,
1034 1414 1125 1456 nemo
1155 1393 1396 1474 improbaverit:
1434 1414 1535 1473 noque

191 1513 274 1576 enim
296 1531 348 1574 eas
370 1522 517 1592 concerpta
539 1531 556 1573 e
571 1508 782 1589 singularibus
799 1510 983 1590 corporibus
998 1510 1147 1587 derivata,
1170 1531 1272 1590 neque
1288 1511 1370 1575 solas
1385 1533 1405 1574 a
1420 1511 1534 1574 Tirone

150 1705 153 1710 ἱ
190 1636 333 1710 repertas
354 1635 451 1707 atque
476 1627 578 1692 editas
599 1647 666 1690 esse
689 1629 859 1708 quisquam
880 1629 991 1723 dicere!
1006 1629 1149 1694 volucrit.
1188 1628 1342 1693 Tenemus
1364 1630 1461 1709 igitur
1483 1649 1536 1692 eas

193 1747 344 1823 consulto,
373 1753 470 1826 atque
491 1723 579 1810 illam
600 1745 728 1824 quidem
757 1745 796 1810 de
818 1767 913 1810 causa
934 1748 1011 1810 satis
1030 1749 1203 1830 perspicua,
1231 1755 1412 1829 segregatas
1432 1768 1499 1814 esse
1518 1768 1537 1810 a
1567 1807 1569 1813 .

191 1885 321 1926 numero
350 1862 545 1943 reliquarum
573 1870 639 1926 tres
661 1865 825 1928 minimum
847 1873 879 1928 et
904 1873 1041 1945 quatuor
1069 1865 1167 1930 libros
1188 1866 1399 1930 efficientium.
1445 1865 1536 1927 Diffi-

192 1982 282 2045 cilius
304 1988 352 2044 est
382 1982 532 2048 iudicium
563 1979 643 2046 ferro
671 1983 710 2044 de
736 1982 803 2046 loco
825 1981 892 2058 illo,
923 2003 985 2061 quo
1008 1981 1145 2048 Nouium
1166 1982 1263 2046 verba
1283 1991 1320 2046 ut
1342 2006 1381 2046 cx
1400 1983 1537 2065 epistula

192 2103 233 2164 od
258 2100 405 2164 Catonern
432 2099 548 2164 hausta
577 2099 689 2162 afferre
717 2099 883 2177 vidimus,¹
911 2121 992 2180 quae
1019 2101 1051 2164 in
1079 2101 1139 2164 hoc
1160 2121 1290 2180 corpore
1313 2121 1376 2163 non
1398 2109 1534 2164 exstant.

193 2217 276 2293 Quid
298 2219 382 2280 enim
403 2217 463 2281 hoc
486 2218 553 2281 locn
575 2207 746 2282 faciemus?
789 2217 880 2296 Tres,
909 2225 1063 2298 quantum
1084 2217 1182 2295 video,
1206 2217 1429 2299 explicationes
1452 2219 1535 2298 cogi-

191 2337 253 2400 tari
280 2343 429 2416 possunt:
462 2343 519 2402 aut
546 2337 578 2398 iu
602 2334 703 2400 altero
730 2338 870 2416 quodam
891 2337 972 2400 libro
995 2336 1135 2400 ciusdem
1157 2336 1250 2400 huius
1272 2337 1424 2418 corporis,
1453 2358 1536 2399 nunc

191 2452 365 2534 deperdito,
393 2453 551 2516 seiunctas
573 2452 667 2516 fuisse
689 2454 730 2516 ab
752 2453 895 2546 epistulis
917 2453 990 2516 libri
1012 2453 1081 2516 XV.
1105 2453 1215 2537 (3--6)
1239 2454 1319 2517 alias
1340 2454 1382 2518 ad
1402 2455 1537 2518 eundem

192 2571 343 2636 Catonem
365 2571 500 2647 missas,-
519 2571 600 2634 sicut
622 2559 773 2653 epistulas
794 2572 836 2636 ad
858 2571 1001 2636 Cassium
1023 2572 1189 2653 bipertitas
1212 2593 1280 2635 esse
1300 2573 1450 2650 vidimus,
1480 2580 1537 2636 ant

192 2689 343 2752 excidisse
364 2709 460 2754 uuam
481 2689 569 2754 illam
590 2691 759 2771 epistulam
782 2712 799 2754 e
822 2690 901 2754 libro
917 2689 983 2768 XV,
1006 2697 1062 2754 aut
1077 2689 1214 2754 Nonium
1239 2691 1271 2753 in
1293 2691 1361 2754 loco
1376 2690 1536 2754 afferendo

191 2827 322 2870 errasse.
368 2804 510 2880 Quarum
536 2809 696 2872 rationum
724 2809 827 2890 prima
854 2809 975 2873 nullam
1003 2808 1100 2872 habet
1127 2808 1401 2890 probabilitatem,
1434 2829 1536 2888 neque

191 2925 275 2987 enim
303 2945 397 2988 causa
425 2925 586 2989 divisionis
614 2934 697 3003 erat,
727 2926 886 3004 quoniam·
904 2948 1011 2990 omnes
1038 2926 1192 3008 epistulae
1220 2928 1261 2990 aci
1285 2927 1433 2992 Catonem
1462 2933 1536 2989 ante

191 3063 310 3114 annum
335 3047 405 3119 709,
424 3064 487 3123 quo
510 3065 592 3106 anno
609 3050 743 3107 mortem
765 3043 825 3106 sibi
847 3045 1003 3120 conscivit,
1025 3046 1199 3110 necessario
1214 3045 1307 3108 datae
1322 3051 1414 3120 sunt3
1436 3043 1539 3107 altera

192 3161 273 3226 ratio
295 3181 352 3240 per
373 3181 406 3224 se
422 3182 484 3224 non
500 3161 657 3225 credibilis
674 3167 747 3238 est,²
771 3163 866 3224 tertia
880 3183 953 3225 vero
968 3164 1045 3226 satis
1063 3162 1230 3238 credibilis,
1253 3163 1279 3224 si
1293 3160 1535 3236 meminerimus,
1562 3177 1564 3182 ·

193 3299 289 3358 quam
310 3278 505 3370 negligenter
525 3278 645 3343 Nonius
668 3281 700 3341 in
722 3280 799 3343 locis
819 3279 986 3344 afferendis
1008 3281 1134 3360 egeriti

298 3395 391 3460 Falsa
421 3397 566 3478 opinione
598 3399 656 3463 niti
683 3397 807 3462 videtur
835 3397 875 3461 H.
905 3398 1040 3474 KeiliuS,
1076 3417 1175 3476 quum
1203 3395 1306 3458 locum
1335 3402 1535 3475 corruptum:

195 3515 306 3581 Calain
330 3516 404 3580 alibi
424 3517 465 3578 od
487 3525 641 3583 acccc-tn:
672 3519 775 3596 primu
799 3519 929 3597 epistula
951 3517 1073 3580 uidetur
1097 3518 1131 3579 in
1152 3518 1204 3579 uic
1225 3515 1326 3586 dclc'tn,
1357 3513 1412 3592 qui
1435 3519 1483 3575 est
1504 3513 1537 3573 in

193 3632 344 3697 Diomede
367 3638 457 3715 (pag.
480 3637 552 3700 316.
580 3631 609 3717 l)
638 3633 684 3696 ita
713 3635 879 3697 restituere
912 3639 1058 3710 conatur,
1086 3641 1250 3713 tamquam
1277 3631 1444 3712 desumpta
1474 3631 1539 3693 sint

193 3751 270 3814 haec
292 3749 392 3817 verba
411 3771 428 3812 c
449 3749 565 3814 litteris
586 3772 648 3814 non
670 3773 689 3814 a
716 3750 825 3828 Calvo,
853 3751 909 3815 sed
931 3773 951 3814 a
972 3751 1119 3814 Cicerone
1141 3741 1191 3814 ad'
1205 3749 1385 3814 Terentiam
1406 3768 1537 3812 uxorem

193 3869 291 3946 datis,
320 3889 401 3949 quae
430 3867 472 3931 ad
498 3877 639 3932 nostram
667 3876 804 3933 aetatem
832 3890 895 3934 non
917 3870 1125 3951 pervenerint.
1168 3868 1303 3952 Etenim,
1330 3866 1356 3930 si
1378 3887 1441 3929 non
1463 3886 1537 3928 casu

193 3986 331 4066 quodam
350 3971 449 4050 ¹unam
470 3986 558 4050 illam
581 3987 756 4069 epistulam,
778 3988 953 4068 complures
975 3987 1024 4050 vel
1047 3994 1150 4050 totum
1165 3970 1288 4049 'librum
1302 3987 1343 4048 ud
1362 3982 1538 4048 Terentium

201 4109 406 4116 *ρ*-

194 4154 279 4208 actis:
304 4154 433 4222 quoniam
455 4171 498 4207 mc
523 4153 647 4222 flagitaS,
674 4159 770 4210 coactu
793 4159 840 4208 tuo
862 4153 991 4220 scribam,
1018 4171 1088 4224 quae
1106 4153 1195 4208 sentio
1215 4195 1220 4206 .
1240 4193 1245 4204 .
1267 4193 1273 4204 .
1293 4193 1297 4204 .
1317 4152 1451 4220 quaedam
1468 4151 1538 4204 mihi

194 4240 310 4308 videtur,
331 4242 397 4310 quid
414 4241 524 4294 dicam?
549 4241 708 4309 „imperite“
728 4282 733 4292 .
753 4281 758 4292 .
777 4256 814 4292 an
830 4239 1008 4307 „ambitiosc“
1026 4240 1146 4294 fecisse.“
1164 4255 1187 4292 e.
1205 4255 1229 4305 q.
1249 4254 1268 4290 s.

199 4384 201 4388 -
251 4345 272 4412 ¹)
296 4360 357 4411 pag.
375 4346 434 4400 438.
453 4346 495 4398 33.
521 4345 574 4410 ,‚M.
594 4344 699 4398 Tullius
725 4345 760 4397 ad
780 4345 924 4397 Catonem:
956 4359 1005 4396 nec
1029 4343 1130 4396 idcirco
1155 4341 1223 4394 mihi
1250 4339 1460 4394 desiderandam
1478 4356 1538 4394 esse

193 4429 360 4496 dignitatem
384 4445 486 4495 meam,
512 4430 582 4496 quod
597 4445 658 4485 eam
682 4429 764 4484 multi
787 4429 989 4497 impugnarint,
1016 4429 1063 4481 scd
1088 4443 1119 4482 eo
1142 4426 1230 4493 magis
1254 4426 1438 4492 recolendam,
1464 4426 1534 4493 quod

198 4515 288 4581 plures
307 4513 517 4571 desiderarint.“
588 4557 589 4564 ,

248 4602 272 4667 ²)
299 4615 462 4667 quamquam
480 4616 520 4668 cp.
539 4599 585 4651 IX.
604 4603 637 4656 29
658 4599 687 4651 in
705 4600 762 4652 cod.
781 4599 882 4652 Harlei.
899 4600 934 4652 II.
955 4598 1065 4654 excidit.
1091 4599 1124 4652 cf.
1139 4597 1221 4664 Riihl,
1239 4598 1291 4650 Rh.
1306 4598 1375 4649 Mus.
1389 4597 1473 4652 XXX.
1491 4599 1534 4652 29.

250 4704 274 4770 3-)
298 4703 377 4756 Unde
395 4718 489 4756 revera
507 4701 552 4754 hic
570 4703 644 4756 locus
664 4703 823 4770 desumptus
840 4701 877 4754 sit
895 4702 940 4756 vix
957 4701 1061 4769 poterit
1079 4700 1215 4768 indagari.
1285 4703 1287 4708 ’
