3586 5266
905 151 924 211 9

226 467 228 472 .
351 412 508 490 Attamen,
537 414 622 495 quod
644 416 772 496 quidem
790 418 906 484 attinet
927 418 969 482 ad
989 417 1139 499 epistulas
1158 417 1199 480 ad
1222 417 1394 495 Gaesarem,
1422 418 1464 482 ed
1483 416 1582 482 Ther-

248 549 348 607 mum,
378 531 420 595 ad
442 531 607 610 Plancum,
635 533 677 598 ad
699 533 879 617 Sulpicium,
900 538 943 602 ad
964 535 1082 599 Titium
1110 523 1215 613 datas,
1243 557 1293 600 res
1322 544 1389 599 tam
1415 537 1447 598 in
1473 543 1581 618 aperto

248 653 303 725 est,
332 655 369 712 ut
397 650 603 732 explicatione
632 651 696 717 fere
723 676 785 718 non
815 677 905 738 egere
925 655 1078 720 videatur.
1122 652 1203 718 Nam
1225 655 1373 735 quoniam
1394 653 1474 720 liber
1496 652 1580 716 XIII.

248 765 326 829 nihil
351 769 497 847 eontinet,
524 771 584 834 nisi
604 772 755 852 epistulas
775 775 1052 852 commendatitiae,
1080 795 1157 836 num
1177 773 1254 854 quid
1273 774 1345 836 miri
1369 772 1475 849 habet,
1497 771 1581 852 quod

246 885 279 946 in
294 906 330 948 oo
351 887 447 950 etiam
468 888 620 970 epistulae
646 893 917 958 commendatitiae
938 892 979 956 ad
1000 891 1177 970 Thermum,
1201 890 1400 972 adueliquos
1422 891 1515 954 datae
1536 889 1582 954 le·

248 1010 372 1083 guntur,
401 1026 535 1086 quorum
563 1007 643 1072 aliae
666 1010 819 1091 epistulae
840 1031 941 1092 neque
962 1033 1035 1075 vero
1056 1010 1328 1074 commendatitiae
1349 1011 1389 1072 in·
1402 1009 1471 1073 aliis
1492 1008 1581 1072 libris

247 1121 349 1186 locum
375 1126 505 1189 tenent?
543 1127 643 1191 Immo
671 1149 709 1192 ne
739 1131 832 1193 vitari
859 1131 987 1211 quidem
1014 1130 1047 1193 id
1075 1130 1179 1211 potuit
1207 1129 1248 1192 ab
1275 1150 1325 1206 eo,
1355 1129 1408 1209 qui
1431 1127 1581 1210 epistulas

245 1239 319 1304 libri
340 1241 425 1306 XIII.
446 1265 463 1308 e
485 1244 614 1325 reliquis
636 1246 740 1328 elegit.
799 1252 801 1258 ’

353 1359 421 1437 Qua
441 1383 476 1426 re
498 1364 622 1444 cognita
641 1367 735 1429 etiam
758 1366 796 1429 de
817 1365 1019 1430 collocatione
1040 1366 1246 1447 epistularum
1267 1364 1352 1428 XIII.
1373 1372 1419 1428 15.
1438 1369 1472 1428 16
1496 1371 1580 1428 recte

244 1477 461 1544 iudieabImus.
501 1480 582 1545 Nam
610 1485 690 1547 sicut
712 1492 745 1548 et
765 1485 918 1566 epistulae
941 1483 1213 1548 commendatitiae
1228 1465 1266 1548 ¹et
1285 1491 1406 1548 ceterae
1428 1482 1580 1566 epistulae

244 1596 286 1660 ad
312 1598 437 1662 eosdem
466 1599 560 1664 datae
581 1603 623 1666 ad
644 1610 785 1667 nostram
806 1610 943 1667 aetatem
964 1609 1185 1684 pervenerunt,
1218 1603 1264 1666 ita
1285 1604 1380 1666 etiam
1402 1603 1506 1684 potuit
1527 1623 1580 1664 ac·
1611 1579 1613 1582 Ι

248 1714 358 1792 cidere,
377 1723 413 1780 ut
435 1718 587 1800 epistulae
605 1722 884 1798 commendatitiae,
908 1721 939 1784 h.
958 1743 985 1785 θ.
1003 1721 1076 1784 libri
1099 1721 1186 1784 tertii
1205 1720 1325 1799 decimi,
1348 1743 1410 1786 non
1431 1721 1579 1804 perirent,

244 1833 382 1915 reliquae
405 1857 492 1915 vero,
522 1859 602 1920 quae
630 1840 672 1903 ad
701 1841 834 1904 eundem
855 1848 943 1917 sunt,
971 1841 1011 1904 ad
1035 1847 1208 1905 extremam
1230 1861 1336 1904 omnes
1359 1839 1468 1904 eadem
1490 1840 1581 1902 ruina

244 1954 396 2033 perirent,
426 1976 489 2035 qua
517 1963 565 2020 tot
596 1957 673 2024 alias
701 1961 817 2040 perisse
846 1961 1015 2040 querimur.
1058 1958 1144 2023 Haec
1171 1959 1267 2040 igitur
1289 1979 1356 2022 sors
1378 1957 1437 2021 fuit
1461 1959 1580 2040 epistu-

243 2070 345 2134 larum
372 2072 414 2138 ad
437 2072 627 2140 Caesarem.¹
678 2078 769 2154 Quod
796 2099 869 2142 vero
899 2086 1024 2159 praeter
1052 2077 1202 2159 epistulas
1232 2076 1317 2140 XIII.
1345 2084 1390 2140 le.
1417 2083 1453 2138 16
1484 2079 1580 2140 ctiam

245 2189 326 2253 libro
347 2189 416 2254 VII.
441 2198 486 2272 (o)
517 2215 580 2258 una
608 2197 650 2260 ad
672 2195 837 2260 Caesarem
863 2196 939 2260 data
968 2203 1091 2260 servata
1120 2203 1180 2273 est,
1211 2195 1271 2260 hoc
1292 2195 1370 2258 nihil
1393 2202 1503 2259 contra
1524 2215 1580 2257 nos

244 2306 339 2372 efficit
346 2335 354 2385 3
386 2332 460 2374 nam
484 2319 516 2375 et
543 2313 622 2377 haec
649 2315 903 2378 commendatitia
933 2314 1084 2379 collocata
1104 2321 1153 2379 est
1173 2321 1247 2378 ante
1269 2313 1419 2397 epistulas
1441 2314 1482 2378 ad
1504 2312 1579 2376 Τ1·θ-

244 2425 365 2490 batium
388 2430 486 2508 datas,
508 2432 656 2495 nimirum
677 2455 715 2497 ea
735 2434 775 2496 de
798 2445 901 2511 causa,¹
927 2435 1002 2514 quia
1024 2433 1191 2498 Trebatius
1215 2433 1275 2498 hac
1294 2429 1433 2515 ¹epistula
1455 2432 1580 2497 Caesari

243 2547 492 2627 commendatur,
521 2551 564 2614 ad
591 2572 684 2631 quem
712 2559 788 2616 tunc
815 2552 1011 2634 proiecturus
1039 2561 1108 2619 erat
1139 2560 1171 2616 et
1200 2554 1236 2615 in
1260 2554 1348 2616 cuius
1371 2554 1483 2616 castris
1506 2552 1579 2614 inde

242 2665 435 2730 versabatur.
480 2667 534 2732 Sin
562 2691 635 2734 vero
662 2670 824 2734 consilium
852 2671 1011 2752 quoddam
1041 2671 1170 2735 editoris
1197 2689 1367 2751 agnoscere⁴
1393 2671 1481 2748 nolis,
1512 2691 1580 2733 rem

242 2789 338 2847 etiam
360 2787 404 2848 sic
426 2785 582 2867 explicare
603 2787 684 2866 licet,
714 2796 751 2852 ut
771 2811 931 2853 sumamus
953 2788 1136 2853 Trebatium
1158 2789 1251 2853 simul
1273 2807 1345 2853 cum
1367 2791 1411 2853 eis
1437 2789 1579 2871 epistulis

243 2922 321 2981 quas
352 2925 370 2966 a
392 2903 539 2970 Cicerone
566 2908 750 2990 accepisset,
777 2907 951 2972 reddidisse
973 2910 1068 2973 etiam
1090 2909 1172 2973 hanc
1192 2908 1358 2990 epistulam
1382 2907 1579 2972 commenda-

244 3021 349 3085 titiam
366 3023 415 3086 vel
435 3025 501 3088 eius
524 3025 708 3108 exemplum,
729 3027 880 3091 editorem
900 3033 1006 3090 autem
1028 3029 1180 3110 recepisse
1202 3027 1352 3109 epistulas
1373 3028 1406 3089 in
1421 3027 1580 3091 volumina

243 3139 339 3218 nulla
359 3145 536 3222 argumenti
557 3125 678 3208 ratione
699 3145 810 3227 habita
830 3146 939 3210 eodem
959 3147 1081 3224 ordine,
1110 3168 1172 3227 quc
1195 3168 1248 3211 eas
1267 3147 1445 3228 accepisset.
1486 3143 1580 3208 Valet

243 3259 326 3322 enim
354 3281 403 3324 me
429 3261 530 3326 iudice
555 3263 594 3327 de
624 3264 825 3328 collocatione
853 3264 1004 3346 epistulae
1027 3263 1095 3328 vu.
1128 3273 1144 3327 1’1
1175 3265 1257 3329 idem
1291 3272 1387 3346 atquo
1421 3263 1506 3344 quod
1540 3263 1579 3326 de

242 3378 377 3458 epistula
404 3380 460 3444 illa
481 3380 518 3444 V.
543 3387 569 3460 9,
601 3381 643 3446 ad
664 3382 847 3464 Pompeium
875 3382 963 3461 data,
995 3391 1032 3446 ut
1066 3404 1128 3447 non
1156 3391 1223 3448 tam
1250 3384 1456 3466 explicatione
1483 3403 1579 3462 quam

243 3497 440 3562 excusatione
462 3507 582 3580 egeant.
620 3499 749 3582 Saepius
772 3502 855 3564 enim
876 3502 1027 3566 recedmrt
1047 3524 1067 3566 a
1086 3509 1172 3566 certa
1189 3503 1395 3585 epletularum
1411 3502 1579 3584 disponen-

242 3615 355 3678 darum
382 3618 490 3698 regula
518 3639 580 3682 non
602 3617 703 3682 solmn
725 3640 779 3682 eae
799 3619 963 3700 epistulae,
992 3642 1072 3702 quae
1095 3642 1288 3702 quamquam
1308 3630 1393 3686 recte
1415 3623 1448 3684 in
1470 3620 1579 3684 eodem

241 3732 322 3798 libro
344 3734 414 3798 eliis
438 3737 579 3817 epistulis
600 3739 772 3802 interiectis
793 3737 940 3818 leguntur
962 3738 1032 3823 (HI.
1057 3747 1073 3800 ’1
1097 3747 1129 3803 et
1156 3745 1209 3817 123
1231 3740 1301 3804 XII.
1324 3745 1445 3804 etmel
1467 3746 1499 3803 et
1515 3740 1577 3818 65),

242 3853 296 3916 sed
326 3855 421 3917 etiam
444 3853 545 3932 Cassi,
576 3854 724 3933 Treboni,
753 3855 892 3920 Marcelli
924 3857 1090 3939 epistulae,
1118 3879 1216 3937 quum
1246 3860 1277 3922 in
1299 3859 1382 3922 binis
1402 3859 1492 3922 libris
1513 3857 1578 3920 dis-

242 3973 362 4053 positae
390 3974 462 4036 sint.
510 3973 633 4055 Itaque,
669 3983 706 4040 ut
733 3997 771 4039 ex
799 3974 899 4040 altero
927 3974 1008 4040 libro
1036 3975 1242 4064 epistularum
1269 3977 1311 4041 ad
1339 3977 1412 4042 fam.
1436 3978 1469 4039 in
1498 3975 1577 4040 alte·
1661 4040 1665 4050 ,

242 4111 319 4167 rum
347 4091 394 4154 ita
415 4113 454 4155 ex
474 4094 518 4158 eis
539 4092 636 4171 liubris,
664 4095 718 4175 qui
740 4116 822 4158 nuuc
842 4094 969 4174 quidem
990 4095 1097 4159 amissi
1117 4103 1198 4172 sunt,
1225 4103 1319 4160 autea
1340 4116 1412 4159 vero
1436 4116 1506 4158 oum
1528 4094 1578 4158 his

169 4263 172 4267 ,
242 4209 472 4288 quodammodo
494 4212 650 4276 coniuncti
671 4219 776 4291 erant,
803 4213 882 4277 duas
904 4214 937 4275 in
958 4215 1137 4278 uniuersum
1160 4215 1311 4298 epistulas
1332 4215 1365 4276 in
1385 4213 1445 4277 hoc
1466 4234 1578 4295 corpus

241 4326 403 4411 irrepsisse
424 4328 514 4394 facile
535 4332 729 4396 crediderim.
768 4330 854 4408 Quae
875 4351 969 4395 causa
989 4331 1083 4397 huius
1104 4334 1150 4397 rei
1172 4331 1266 4396 fuerit
1287 4331 1432 4396 hocloco
1449 4352 1578 4396 accura-

299 4515 320 4579 ¹)
346 4513 482 4567 et·simili
499 4515 607 4570 ratione
625 4517 805 4585 epistularum
824 4517 859 4568 ad
877 4511 914 4568 M.
933 4517 1058 4582 Brutum,
1076 4531 1190 4583 quarum
1208 4520 1319 4584 praeter
1338 4515 1577 4569 commendatitias

241 4597 373 4666 epistulas
388 4600 460 4652 XIII.
477 4603 644 4656 10—14du0
663 4605 772 4657 tantum
792 4601 856 4654 libri
874 4601 910 4654 ad
927 4603 1050 4654 nostram
1069 4605 1190 4654 aetatem
1209 4605 1397 4670 pervenerunt.
1427 4600 1460 4652 cl.
1483 4601 1511 4654 C.
1531 4601 1575 4656 Fr.

181 4703 189 4712 ‘
242 4685 381 4738 Hermann
400 4686 416 4738 l.
435 4703 457 4738 c.
475 4703 535 4754 pag.
554 4690 595 4743 20.
