3586 5266
896 177 934 238 19

802 260 1017 270 ι..---.-...--ι

241 446 310 503 tum
323 440 421 520 recipi
439 439 541 518 vellet,
564 461 643 525 quas
664 441 732 523 ipsc
752 441 795 506 ad
816 430 895 506 alios
917 441 1063 520 dedisset,
1087 441 1135 506 vel
1158 444 1254 507 etiam
1275 465 1336 520 eas,
1358 465 1438 528 quas
1461 444 1502 507 ab
1524 444 1588 508 illis

240 558 351 620 missas
373 559 553 639 accepisset.
598 557 648 622 Ita
675 560 889 624 statuentibus
910 561 1002 623 nobis
1030 559 1162 624 dubium
1184 581 1252 624 csse
1273 582 1336 624 non
1356 567 1479 643 potest,
1509 563 1587 646 qnid

240 674 300 738 sibi
321 674 419 738 velint
445 675 523 739 haec
544 675 647 754 verba,
674 678 791 761 quippe
821 677 937 762 quibus
959 677 1081 742 Tullius
1100 677 1214 741 illudat
1236 677 1391 756 Tironem,
1423 687 1587 764 tamquam

239 793 274 854 id
295 793 493 874 potissimum
515 800 596 874 agat,
627 801 663 858 ut
684 815 759 858 suae
781 815 905 879 quoque
928 795 1082 876 epistulae
1103 797 1306 877 recipiantur.
1348 796 1448 861 Simul
1471 819 1587 880 1111111-

240 910 326 975 batio
355 910 440 974 illius
468 911 588 975 consilii
610 913 659 976 vel
690 914 883 996 quaestionis
905 920 938 976 et
963 914 996 974 in
1019 913 1096 994 ipsis
1117 914 1222 978 verbis
1244 915 1330 991 latet,
1363 922 1396 978 et
1418 921 1588 997 conspectu

240 1030 307 1092 eius
335 1027 527 1093 collectionis
554 1030 670 1110 partis,
699 1050 780 1113 quae
809 1030 851 1093 ad
878 1038 1020 1094 nostram
1049 1038 1187 1096 aetatem
1214 1033 1371 1114 pervenit,
1407 1032 1587 1097 Ciceronem

239 1167 400 1212 aseneum
427 1127 677 1224 11111111,
707 1169 806 1232 quum
833 1149 929 1211 enam
959 1147 1057 1226 coen,
1092 1148 1139 1212 n..
1155 1149 1260 1228 arus,
1289 1149 1390 1227 cass,
1426 1150 1469 1214 n.
1495 1152 1587 1215 arun

239 1264 373 1329 aliorum
402 1264 557 1346 epistulae
591 1285 706 1346 magno
742 1286 872 1330 numero
903 1274 1045 1330 11111111
1078 1266 1150 1330 sint.
1196 1267 1287 1343 Quod
1316 1289 1402 1332 vero·
1418 1271 1501 1332 iuter
1529 1270 1587 1333 has

238 1383 337 1464 ipsius
360 1381 483 1446 Tironis
511 1382 664 1463 epistulae
693 1404 755 1448 non
787 1389 890 1461 suut,¹
925 1404 988 1447 non
1017 1383 1200 1462 mirabitur,
1230 1387 1285 1469 qui
1312 1387 1464 1452 memoria
1491 1394 1587 1464 tenet,

239 1499 273 1562 id
294 1499 379 1584 quod
395 1499 515 1564 Gellius
538 1506 675 1563 testatur
695 1502 746 1580 (X.
763 1508 789 1563 1.
805 1506 846 1579 7),
866 1502 1069 1583 pervulgatae
1091 1502 1186 1566 fuisse
1201 1504 1269 1567 eius
1286 1505 1446 1585 epistulas,
1469 1525 1586 1582 verum,

238 1624 275 1680 ut
296 1638 353 1681 nos
371 1639 411 1682 ex
431 1619 610 1683 coniectura
625 1619 778 1700 ponimus,
800 1627 947 1701 separato
962 1620 1100 1704 quodam
1115 1641 1245 1702 corpore
1260 1623 1362 1684 instar
1377 1621 1586 1704 epistularum

239 1735 465 1799 Tullianarnm.
511 1735 591 1799 Utut
617 1736 677 1800 hoc
698 1744 754 1814 est,
773 1736 834 1800 hoc
855 1737 923 1801 loco
945 1738 1023 1801 satis
1043 1737 1196 1802 habemus
1219 1741 1405 1821 cognovisse,
1428 1738 1482 1804 illo
1504 1747 1584 1803 tem-

239 1874 326 1936 pore,
346 1915 348 1922 ,
366 1874 429 1938 quc
455 1854 534 1918 haec
562 1854 698 1937 epistula
725 1855 802 1918 data
833 1862 896 1932 est,
932 1854 1113 1921 Ciceronem
1146 1864 1178 1920 et
1206 1856 1353 1921 Tironem
1382 1859 1466 1921 inter
1492 1857 1587 1921 sede

238 1971 380 2052 epistulis
409 1971 590 2052 colligendis
620 1979 717 2056 atque
744 1973 776 2035 in
799 1972 958 2037 volumina
979 1974 1158 2056 redigendis
1181 1976 1310 2040 consilia
1332 1976 1585 2040 communicasse.

239 2089 307 2166 Quo
329 2096 436 2154 autem
459 2111 540 2154 anuo
564 2089 640 2152 data
660 2098 709 2154 est
731 2090 810 2155 haec
831 2091 989 2173 epistula?
1010 2100 1127 2173 negant
1149 2092 1216 2156 Ich.
1237 2092 1277 2156 de
1299 2093 1432 2171 Gruber,
1462 2092 1586 2157 Baiter·
1612 2119 1614 2122 ·

240 2207 360 2291 Kayser
400 2215 522 2274 certum
555 2229 674 2272 annum
706 2208 850 2289 indagari
883 2230 988 2291 posse,
1025 2210 1081 2274 sed
1116 2209 1357 2292 Wesenbergius
1392 2217 1425 2276 et
1458 2209 1587 2276 Nakeus

240 2348 359 2392 annum
385 2331 462 2404 708,
490 2325 711 2390 Drumannus‘2
735 2347 854 2390 armum
882 2327 946 2390 sive
978 2333 1052 2405 108,
1081 2329 1146 2392 sive
1170 2333 1228 2392 109
1258 2350 1316 2411 pro
1344 2336 1430 2394 certo
1455 2329 1585 2392 habent.

241 2445 346 2530 Atque
375 2452 438 2522 est,
470 2444 556 2529 quod
583 2444 718 2508 alteram
745 2444 828 2508 hanc
853 2446 1042 2509 seutentiam
1063 2447 1268 2510 commendet.
1314 2446 1427 2528 Agitur
1448 2449 1531 2510 enim
1553 2448 1586 2510 in

242 2563 300 2628 hac
322 2564 458 2646 epistula
486 2563 524 2627 de
545 2563 742 2644 aegritudine
765 2560 888 2627 Tironis
917 2562 951 2649 (5
974 2568 991 2626 2
1015 2567 1159 2628 coleredo
1180 2577 1235 2628 luo
1260 2586 1307 2628 cre
1329 2567 1418 2630 ualde
1440 2567 1585 2629 sollicitat

242 2705 268 2747 e.
291 2704 321 2767 q.
345 2679 402 2767 s.);
437 2703 631 2766 quamquam
651 2703 724 2746 vero
746 2703 818 2745 eum
838 2701 1000 2766 nunquam
1023 2681 1115 2744 firma
1135 2682 1315 2745 valetudine
1337 2681 1431 2746 tuisse
1453 2689 1585 2760 constat,

242 2807 349 2864 tamen
370 2821 433 2864 non
454 2798 669 2864 vehementius
689 2806 868 2880 aegrotasse
890 2798 1016 2862 ridetur
1037 2800 1098 2862 nisi
1126 2801 1217 2864 annis
1240 2805 1298 2860 100
1329 2798 1386 2886 (ad
1406 2798 1479 2862 iam.
1504 2799 1584 2864 XVI.

247 2925 292 2995 10,
320 2925 364 2995 11,
392 2923 440 2996 lt)
469 2927 502 2980 et
526 2923 585 2981 101
615 2916 889 2997 (11111111)
918 2924 950 2980 et
976 2938 1012 2982 eo
1034 2938 1129 2994 auno,
1160 2919 1248 2982 cuius
1269 2924 1397 2999 praeter
1417 2917 1585 3000 epistulam

243 3057 339 3121 quam
362 3043 535 3100 tractamus
557 3036 653 3100 etiam
675 3035 756 3100 XVI.
784 3041 828 3114 10,
857 3042 901 3112 19,
925 3042 972 3113 10,
997 3039 1035 3098 22
1060 3043 1143 3100 sunt.
1187 3034 1317 3100 Nullum
1338 3041 1446 3098 autem
1467 3056 1586 3098 annum

242 3154 386 3218 relictum
407 3175 482 3232 1111,
504 3155 565 3219 uisi
588 3160 647 3218 708
671 3155 736 3218 sive
760 3159 829 3232 109,
856 3155 889 3216 in
919 3176 1013 3238 quem
1034 3154 1119 3218 hunc
1139 3155 1286 3218 morbum
1307 3153 1454 3217 incidisse
1475 3153 1585 3216 creda-

241 3293 318 3350 mus,
340 3294 403 3337 nou
425 3273 566 3351 dixerim,
589 3294 687 3357 quum
708 3271 802 3336 liceat
823 3273 920 3336 etiam
942 3273 982 3336 de
1003 3274 1130 3338 ineunte
1151 3294 1233 3336 anuo
1259 3276 1317 3333 710
1338 3272 1485 3353 cogitare.

345 3389 488 3468 Quacum
514 3391 752 3455 ratiocinatione
781 3391 808 3454 si
834 3391 1049 3472 componimus
1077 3389 1111 3452 id
1139 3390 1224 3474 quod
1252 3395 1347 3454 antea
1368 3388 1585 3452 demonstrare

240 3511 343 3574 conati
374 3529 482 3574 sumus
509 3508 678 3573 absolvisse
707 3507 853 3572 Tironem
882 3509 970 3591 prius
997 3507 1204 3590 epistularum
1231 3527 1345 3589 corpus
1371 3505 1476 3570 medio
1502 3527 1585 3570 anno
1687 3493 1689 3496 ⁵

242 3633 258 3690 7
267 3634 310 3704 10,
331 3626 465 3691 alteram
486 3627 641 3690 rationem
662 3625 764 3690 altera
784 3627 884 3688 iuvari
907 3646 1026 3690 censeo.
1071 3625 1152 3690 Nam
1174 3626 1215 3689 ab
1237 3647 1273 3689 eo
1295 3625 1353 3701 die,
1383 3645 1446 3708 quo
1465 3624 1585 3706 epistu-

238 3745 342 3808 larum
369 3743 616 3826 colligendarum
644 3741 808 3807 consilium
836 3744 933 3824 cepit,
968 3764 1069 3827 usque
1096 3743 1138 3807 ad
1165 3764 1252 3819 eum,
1287 3765 1349 3827 quo
1378 3743 1482 3824 potuit
1507 3742 1585 3805 satis

239 3883 388 3944 magnum
419 3883 532 3945 corpus
564 3881 762 3944 componere,
800 3861 867 3925 sino
901 3861 997 3925 dubio
1026 3861 1148 3945 aliquot
1175 3880 1298 3924 menses
1327 3861 1582 3924 intercesserunt.

239 3980 356 4043 Utrum
377 4002 449 4046 vero
476 4001 559 4045 anuo
585 3983 644 4043 709
674 4001 714 4043 an
736 3980 865 4042 ineunte
886 3999 969 4043 auno
990 3983 1049 4040 710
1074 3978 1134 4042 hoc
1155 3977 1296 4041 studium
1318 3998 1390 4040 eum
1412 3978 1584 4058 suscepisse

239 4099 411 4177 credamus,
438 4098 518 4162 nihil
549 4098 591 4162 ad
611 4118 688 4174 rem,
719 4118 817 4181 quum
839 4104 871 4160 et
891 4097 952 4160 hac
973 4103 1005 4160 et
1026 4095 1081 4159 illa
1097 4096 1220 4160 ratione
1241 4096 1359 4177 optime
1380 4093 1583 4175 intelligatur,

239 4216 322 4280 unde
344 4216 463 4281 factum
483 4219 540 4295 sit,
576 4223 613 4279 ut
640 4213 795 4297 epistulae
816 4235 971 4278 annorum
994 4219 1053 4278 109
1076 4221 1108 4279 11
1133 4218 1192 4277 700
1216 4234 1307 4276 rarae
1327 4232 1390 4275 uon
1410 4212 1487 4289 siut,
1518 4213 1583 4294 pri-

239 4355 329 4397 orum
363 4356 518 4399 annorum
553 4337 617 4399 sint
649 4333 837 4398 rarissimae.
880 4331 962 4397 Nam
999 4353 1098 4417 quum
1128 4330 1201 4394 Tiro
1235 4336 1312 4392 tunc
1338 4328 1402 4392 fere
1430 4328 1583 4410 epistulas

238 4451 322 4515 Tulli
351 4453 392 4517 ab
423 4453 467 4516 eis
496 4459 667 4534 repeteret,
696 4450 738 4515 ad
767 4470 847 4535 quos
875 4449 969 4514 datae
996 4457 1102 4527 erant,
1137 4448 1186 4512 vel
1208 4445 1248 4510 ab
1269 4465 1377 4510 eorum
1405 4445 1583 4524 heredibus,

296 4608 317 4672 Ι)
342 4605 382 4659 De
400 4605 508 4658 Tironis
526 4605 652 4672 epistulis
670 4603 776 4659 Tullius
795 4601 916 4670 loquitur
935 4602 971 4655 ad
989 4601 1053 4654 fam.
1070 4599 1142 4654 XVI.
1162 4603 1229 4666 1.1;
1251 4600 1289 4652 14.
1309 4603 1334 4661 1;
1353 4600 1395 4652 26.
1414 4603 1441 4662 1;
1464 4599 1502 4649 18.
1521 4601 1541 4648 1.

293 4711 317 4774 ²)
345 4708 440 4761 uesci.
461 4705 615 4760 111111.
634 4708 694 4773 407,
713 4707 772 4760 na.

1366 4802 1383 4852 2
1402 4802 1415 4830 .
