3586 5266
799 198 839 258 4?

719 281 922 290 ——.—-..-—

149 459 252 542 Supra
279 459 414 522 vidimus
436 458 582 523 Tironem
618 481 671 522 eas
699 460 851 542 epistulas
879 460 1013 523 ineditas
1040 461 1221 538 retinuisse,
1251 482 1330 541 quas
1362 462 1493 525 Octavio

149 578 312 641 ostensioni
340 577 463 641 futuras
492 584 634 659 putaret,
663 579 728 640 iam
750 599 836 653 vero,
863 578 949 657 quod
972 584 1004 640 et
1031 577 1175 641 inlibris
1197 577 1350 641 x.-x11.
1373 581 1492 661 epistu-

148 695 251 758 larum
277 695 319 758 ad
347 695 429 773 fam,
465 703 497 760 et
524 696 556 757 in
579 694 722 759 Brutinis
751 695 894 777 epistulis
926 695 1028 759 multa
1055 696 1215 776 leguntur,
1245 696 1361 776 quibus
1384 697 1492 761 Cicero

149 813 304 894 perfidum
325 812 480 895 Lepidum
508 822 604 894 atque
631 814 879 877 inimicissimum
907 813 1079 876 Antonium
1107 807 1298 894 gravissimis
1320 822 1417 896 atque
1444 818 1492 879 in-

149 931 323 994 festissimis
350 932 453 995 vorbis
484 933 692 1013 persequitur,
720 932 781 994 hoc
810 933 989 994 testimonio
1018 931 1109 996 nobis
1139 940 1187 996 est
1215 933 1317 996 editas
1345 955 1413 997 esse
1433 934 1493 998 has

149 1048 298 1130 epistulas
319 1070 382 1114 non
405 1058 479 1114 ante
501 1071 597 1130 quam
622 1050 727 1132 Lepidi
749 1060 841 1132 utque
859 1052 976 1113 Antoni
997 1070 1088 1114 armo
1109 1053 1142 1114 in
1166 1053 1343 1145 depastum
1366 1071 1492 1122 cessere,

149 1170 217 1250 qui,
246 1174 282 1230 ut
304 1166 402 1231 Taciti
426 1168 530 1231 verbis
551 1175 637 1244 utar,
667 1179 778 1232 caucia
801 1169 964 1232 discordiis
987 1170 1230 1251 civilibusfcssa
1252 1171 1493 1250 11111111νὶ1-

150 1289 224 1367 cipis
250 1288 307 1349 sut
338 1289 503 1368 imperium
534 1288 659 1368 accepit.
704 1283 792 1347 Tunc
819 1284 925 1348 nullus
952 1283 1016 1348 fere
1036 1283 1193 1348 Ciceronis
1221 1286 1363 1366 aequalis
1389 1307 1426 1350 ao
1454 1307 1493 1350 ne

149 1404 286 1466 studium
310 1403 439 1483 quidem
462 1404 613 1486 pristinae
633 1402 791 1467 libertatis
813 1409 983 1484 supererat,
1007 1403 1146 1466 omnium
1167 1405 1264 1466 animi
1284 1403 1492 1483 tranquillati,

150 1522 311 1602 Augustus
331 1523 398 1604 ipse
418 1523 504 1603 pacis
524 1530 557 1586 et
577 1523 691 1585 civium
708 1522 887 1585 securitatis
904 1495 1159 1584 studiosissimus.
1197 1520 1307 1586 Nonne
1324 1523 1494 1602 unicuique

150 1639 289 1703 Romano
318 1648 414 1719 atque
444 1641 540 1704 etiam
563 1640 706 1720 Augusto
735 1639 914 1702 litterarum
943 1638 1058 1702 fautori
1087 1647 1272 1720 exoptatum
1302 1639 1396 1702 fuisse
1426 1661 1493 1702 crc-

150 1758 268 1835 damus,
289 1779 387 1838 quum
405 1759 597 1839 respicerent
619 1757 661 1820 ad
682 1763 887 1847 tempestates
901 1757 995 1820 modo
1011 1765 1164 1838 peractas,
1187 1779 1225 1821 ex
1240 1759 1316 1839 ipsis
1332 1756 1395 1820 illis
1410 1757 1493 1834 viris

152 1876 266 1955 quibus
298 1884 374 1939 tunc
401 1897 524 1939 summa
553 1875 725 1939 auctoritas
755 1875 842 1938 inre
864 1874 991 1956 publica
1012 1875 1128 1952 fi1erat,
1158 1883 1323 1958 tamquam
1345 1895 1494 1956 praesen-

150 1993 235 2056 tibus
257 2014 449 2074 cognoscere,
479 1996 532 2073 qui
555 2015 664 2058 eorum
685 1994 815 2069 animus,
845 2013 926 2072 quae
947 1993 1083 2070 consilia,
1114 2015 1195 2073 quae
1216 1993 1322 2057 studia
1341 1993 1494 2058 fuissent?

155 2113 223 2188 Qua
244 2134 278 2174 re
299 2134 359 2176 non
383 2112 482 2186 video,
503 2111 581 2191 quid
601 2110 748 2175 Tironem
768 2111 921 2192 impedire
943 2112 1089 2192 potuerit,
1112 2112 1279 2191 quominus
1301 2112 1402 2194 primo
1425 2113 1493 2194 ipso
1587 2109 1591 2116 ’

152 2237 223 2311 post
244 2230 363 2294 bollum
378 2231 541 2293 Actiacum
559 2229 709 2293 decennio
726 2228 878 2310 epistulas
894 2228 1010 2292 ederet.
1047 2229 1235 2293 Frustratur
1252 2237 1359 2293 autem
1378 2231 1405 2293 si
1422 2231 1493 2310 quis

153 2357 272 2412 certum
295 2348 453 2428 quendam
476 2347 622 2410 editionis
644 2367 762 2410 annum
783 2353 929 2426 quaerat,
959 2367 1058 2427 quum
1080 2347 1203 2428 singula
1223 2347 1384 2411 volumina
1405 2347 1493 2410 dein-

152 2488 224 2549 ceps
251 2487 308 2549 per
339 2465 505 2528 nonnullos
531 2486 629 2529 annos
656 2466 690 2527 in
718 2465 829 2545 vulgus
858 2465 944 2528 edita
972 2486 1039 2529 esse
1068 2467 1212 2545 quamvis
1239 2487 1302 2529 non
1332 2465 1493 2542 traditum,

152 2593 258 2647 tamen
280 2584 321 2646 sit
343 2605 402 2662 res,
424 2584 463 2648 de
485 2605 550 2664 qua
571 2582 712 2646 dubitari
735 2584 787 2644 rix
811 2584 919 2664 possit.

992 2720 1033 2776 s
1039 2675 1198 2808 11111)
1217 2677 1229 2748 ἶ
1275 2727 1317 2884 p

973 2831 977 2846 '
1010 2821 1270 2919 1111111111(
1306 2883 1314 2908 .

1127 2935 1161 2975 Of

1049 2909 1307 3062 ecclessiis

565 3105 1079 3206 ,ῌ-,Μῲᾢφψμ
