3586 5266
855 127 873 186 2

195 389 353 454 nonnullis
368 389 519 472 exemplis
540 390 713 454 docuerunt
736 397 930 473 quantopere
945 391 1093 456 Iohannis
1108 392 1147 456 de
1165 391 1310 471 Grnber,¹
1339 395 1393 473 qui
1413 396 1530 476 optime

194 509 233 572 de
264 509 325 573 hac
347 531 382 573 re
401 510 533 572 meritus
555 515 636 587 erat,
667 516 763 590 atque
785 509 979 591 singulorum
999 511 1156 575 editorum
1177 511 1293 575 iudicia
1314 513 1530 577 emendatione

195 636 322 709 egerent
343 635 375 692 et
394 635 549 709 quantum
565 635 713 691 accurata
730 627 893 708 diligentia
907 629 939 700 in
953 636 1094 710 tempore
1108 630 1317 711 epistularum
1333 632 1530 694 terminando
1615 615 1618 622 '

143 799 147 806 .
194 746 303 828 profici
335 755 449 828 posset.
492 745 620 822 Omitto,
651 745 737 826 quod
763 767 803 809 ne
828 768 910 810 nunc
935 749 1062 827 quidem
1090 749 1249 812 consensio
1278 750 1360 812 inter
1390 749 1531 813 homiues

193 865 302 929 doctos
322 872 465 928 assecuta
486 870 534 928 est
555 863 709 947 epistulae
730 865 772 928 ad
800 864 843 927 Μ.
866 865 1002 929 Brutum
1029 867 1131 930 sint-ne
1156 867 1308 946 genuinae
1335 887 1375 929 an
1397 869 1532 949 spuriae,

193 1004 386 1065 quamquam
407 982 598 1064 sperandum
619 991 681 1060 est,
712 982 791 1060 fore,
821 991 858 1046 ut
879 982 1049 1066 Nipperdei
1070 987 1151 1048 rat-io
1174 984 1422 1050 luculentissima
1445 1007 1530 1050 com-

193 1103 393 1178 mentatione,
415 1122 511 1181 quam
528 1102 653 1183 scripsit
670 1101 863 1166 Schmidtius
878 1104 914 1166 de
931 1107 1066 1185 epistulis
1085 1116 1146 1166 1111
1164 1105 1270 1169 Cossio
1289 1116 1315 1168 et
1331 1107 1371 1168 cd
1389 1105 1528 1170 Cassium

193 1233 260 1304 post
286 1220 446 1285 caesarea
478 1223 612 1284 occisura
647 1219 793 1307 (Lipsiae
818 1219 922 1306 1871)
944 1227 1037 1284 aucta
1057 1227 1153 1301 atque
1174 1222 1361 1286 confirmata
1381 1222 1532 1305 ampliore
1551 1244 1553 1248 ·

193 1340 383 1419 quaestione,
405 1359 501 1418 quam
519 1337 601 1401 idem
617 1337 711 1405 homo
728 1339 838 1403 doctus
855 1339 894 1402 de
911 1339 971 1402 hac
984 1360 1019 1402 re
1034 1340 1236 1403 instituturus
1252 1348 1300 1404 est
1323 1340 1356 1419 (l.
1369 1363 1394 1404 c.
1408 1361 1458 1421 pg.
1476 1348 1528 1416 81)

192 1457 336 1522 omnibus
358 1456 518 1538 probetur.
558 1457 662 1538 Quum
684 1481 757 1522 vero
777 1459 835 1522 has
858 1456 1008 1539 epistulas
1030 1464 1156 1539 praeter
1177 1457 1251 1520 libri
1272 1457 1288 1520 l
1305 1479 1375 1540 epp.
1390 1463 1426 1522 11
1440 1465 1472 1522 et
1494 1465 1527 1520 18

192 1577 342 1658 genuinas
371 1596 438 1640 esse
459 1576 571 1655 velint,
599 1577 681 1641 hanc
708 1577 896 1641 sententiam
918 1575 1011 1639 etiam
1033 1577 1092 1652 eie,
1121 1596 1202 1656 quae
1223 1575 1305 1639 inira
1326 1576 1366 1639 de
1387 1577 1529 1659 epistulis

192 1695 233 1759 ad
254 1691 327 1758 iam.
351 1702 574 1777 proponentur,
596 1696 827 1776 quodammodo
849 1694 962 1758 fultum
984 1695 1024 1757 iri
1044 1695 1190 1784 arbitror.
1225 1693 1343 1758 Verum
1365 1695 1442 1759 haec
1465 1717 1527 1759 non

191 1808 361 1893 tangentur
388 1814 448 1877 nisi
474 1815 633 1878 occasione
662 1814 778 1879 oblata.
822 1814 894 1878 Aha
921 1821 1009 1890 sunt,
1039 1831 1120 1894 quae
1140 1833 1203 1876 non
1223 1814 1327 1878 minus
1348 1820 1528 1878 accuratam
1579 1849 1581 1852 ν

192 1932 406 2012 quaestionem
433 1937 597 2014 expetant,
634 1933 689 1997 sed
716 1932 766 1996 vel
797 1933 828 1994 in
856 1931 1027 1996 maioribus
1054 1931 1192 1996 tenebris
1224 1933 1325 1996 iacere
1350 1932 1526 1997 videantur.

192 2049 318 2113 Etenim
354 2050 507 2132 epistulae
542 2051 584 2114 ad
618 2051 690 2115 fam.
719 2073 738 2114 a
764 2071 902 2131 quonam
929 2057 961 2114 et
992 2071 1054 2130 quo
1084 2057 1226 2132 tempore
1254 2050 1402 2114 collectae
1432 2058 1528 2131 atque
1585 2123 1588 2126 ,

191 2169 294 2233 editae
315 2167 386 2245 sint,
408 2175 517 2232 utrum
538 2172 602 2234 sint
621 2172 769 2251 integrae,
792 2191 832 2232 an
854 2177 977 2251 partem
997 2168 1135 2232 efficiant
1158 2169 1313 2232 maiorum
1330 2168 1528 2249 quorundam

191 2309 364 2370 corporum,
392 2308 473 2367 quae
501 2309 611 2352 norma
631 2288 765 2352 valuerit
785 2289 818 2350 iu
840 2287 983 2369 epistulis
1005 2287 1196 2368 colligendis,
1227 2309 1268 2350 an
1289 2288 1353 2352 sint
1374 2289 1441 2352 sine
1463 2287 1529 2350 ulla

190 2407 312 2471 ratione
332 2413 512 2486 congestae:
540 2406 580 2470 de
607 2407 751 2470 omnibus
779 2406 828 2469 his
856 2405 951 2469 rebus
973 2406 1114 2471 homines
1134 2407 1218 2469 docti
1238 2407 1461 2486 quaesiverunt
1482 2405 1529 2468 illi

191 2524 326 2605 quidem,
352 2545 454 2604 neque
481 2531 587 2588 tamen
615 2523 791 2601 effecerunt,
818 2530 855 2586 ut
881 2532 937 2587 aut
957 2525 1151 2605 singulorum
1171 2524 1286 2588 iudicia
1308 2525 1526 2601 consentirent,

191 2650 246 2707 aut
270 2644 444 2723 quidquam
465 2664 522 2725 pro
544 2650 630 2707 certo
651 2642 761 2706 haberi
782 2651 896 2723 posset.

297 2760 384 2836 Quae
412 2748 510 2841 quum
535 2759 582 2824 ita
609 2762 686 2839 sint,
723 2783 785 2825 non
812 2761 950 2825 alienum
978 2781 1044 2824 esse
1073 2759 1181 2843 putavi
1218 2761 1329 2831 mein
1363 2759 1529 2823 historiam

190 2880 397 2962 epistularum
422 2860 562 2943 adrani
593 2880 803 2960 indagandam
832 2901 959 2962 operam
989 2878 1136 2956 conferre,
1166 2886 1203 2942 ut
1231 2879 1283 2955 eis,
1313 2899 1395 2959 quae
1425 2877 1529 2942 adhuc

190 2997 286 3062 dubia
301 3005 396 3078 atque
417 2999 537 3062 incerta
551 3018 618 3061 esse
640 2998 713 3074 dixi,
735 2996 840 3077 quoad
854 2997 920 3060 eius
934 2997 1035 3061 facere
1050 3018 1181 3078 possem,
1203 2997 1304 3060 lucem
1319 2995 1473 3060 afferrem.

295 3232 341 3297 Ut
368 3233 466 3314 igitur
492 3233 629 3315 primum
657 3233 704 3296 de
733 3233 890 3314 origine
919 3233 1013 3296 huius
1036 3231 1173 3315 corporis
1195 3253 1295 3313 agam,
1325 3233 1406 3295 duae
1428 3231 1527 3313 potis-

190 3353 304 3417 simum
338 3336 512 3417 sententiae
545 3371 674 3434 prorsus
702 3351 847 3415 diversae
876 3351 977 3415 altera
1004 3373 1023 3414 a
1051 3350 1159 3414 Naheo
1195 3351 1227 3413 in
1260 3353 1390 3414 historio
1422 3353 1529 3414 critico

191 3471 237 3534 M.
274 3464 353 3534 Tolli
383 3470 538 3534 Ciceronis
571 3473 774 3552 epistolarem
809 3467 913 3548 (Bono
946 3475 1051 3547 1861),
1088 3467 1189 3532 altera
1218 3468 1259 3532 ab
1289 3467 1466 3532 Holinanno
1495 3469 1527 3531 in

190 3589 382 3671 praefatione
403 3586 609 3670 epistularum
630 3586 817 3651 selectarum
840 3586 877 3674 (Ι.
899 3586 1007 3650 Berlin
1036 3585 1126 3672 1860)
1149 3587 1327 3669 propositae
1349 3593 1433 3651 sunt.
1471 3586 1529 3648 At·

191 3728 252 3788 que
278 3705 331 3770 ille
358 3707 485 3787 quidem
511 3705 645 3788 probare
671 3705 778 3769 studet
805 3713 968 3788 excerptas
996 3726 1063 3770 esse
1093 3703 1244 3786 epistulas
1267 3705 1309 3768 ad
1331 3703 1403 3768 lam.
1427 3703 1526 3765 Fron-

192 3826 277 3888 tonis
298 3831 402 3888 aetate
424 3846 441 3888 e
458 3823 670 3906 singularibus
686 3823 876 3905 quibusdam
894 3823 1100 3906 epistularum
1122 3822 1311 3904 corporibus,
1333 3841 1411 3901 quas
1427 3819 1527 3882 multo

190 3951 264 4007 ante
297 3943 398 4008 editas
433 3944 465 4006 in
497 3943 636 4006 omnium
662 3942 808 4006 manibus
835 3941 929 4005 firisse
957 3963 994 4004 111
1022 3941 1224 4022 antiquorum
1252 3939 1528 4020 grammaticorum

190 4062 375 4126 testimoniis
408 4061 574 4125 concludit.
616 4060 811 4125 Hofmannus
846 4081 919 4124 vero
955 4059 1037 4124 hanc
1072 4059 1284 4124 collectionem
1320 4057 1527 4138 epistularum

190 4181 328 4244 omnium
349 4181 602 4261 antiquissimum
622 4202 641 4244 a
663 4178 776 4243 Tirone
798 4177 953 4242 Ciceronis
974 4177 1088 4242 liberto
1118 4177 1233 4240 factam
1257 4197 1330 4252 esse,
1360 4175 1527 4258 ampliores

190 4320 262 4363 vero
288 4298 359 4362 illas
387 4299 548 4379 aliquanto
573 4305 645 4380 post
670 4298 734 4361 sive
756 4297 796 4360 ab
823 4297 875 4375 eis,
905 4296 947 4360 ad
974 4284 1053 4378 quos
1077 4295 1185 4358 Cicero
1215 4295 1368 4376 epistulas
1396 4294 1525 4367 dederit,

189 4418 255 4481 sive
278 4417 319 4480 ab
346 4416 459 4480 horum
481 4415 650 4481 heredibus
673 4416 774 4480 editas
796 4415 1012 4478 esse'iudicat.

294 4537 488 4618 Argumenta
517 4543 549 4599 et
576 4535 838 4611 ratiocinationes,
868 4531 984 4613 quihus
1010 4531 1052 4594 ad
1079 4530 1161 4594 hanc
1189 4554 1279 4595 suam
1300 4539 1433 4609 uterque
1455 4548 1526 4590 sen-
1577 4550 1583 4562 ·

200 4643 403 4651 -—-—.—-.-.-.-

279 4689 301 4758 ¹)
320 4687 449 4754 Quaestio
467 4688 501 4740 de
519 4693 639 4757 tempore
656 4692 738 4755 atque
757 4685 825 4740 serie
844 4684 1023 4756 epistularum
1043 4683 1187 4738 Ciceronis.
1225 4681 1344 4738 Sundiae
1366 4683 1438 4736 1836.
