3586 5266
856 173 874 231 6

762 255 967 266 ---—-—..

197 438 338 503 collectio
367 436 551 519 pervulgate
576 443 672 517 atque
700 438 732 500 in
751 458 810 501 usu
831 447 913 516 erat,
942 439 1029 503 aliud
1051 458 1163 502 nomen
1184 437 1272 514 huio,
1301 435 1388 500 aliud
1408 435 1455 498 illi
1477 436 1531 499 de·

198 556 294 622 bebat
319 576 393 632 esse,
424 575 526 637 neque
550 555 665 622 licebat
690 559 902 637 grammaticis
930 559 961 620 in
985 557 1051 620 looo
1072 555 1209 637 quodam
1230 554 1389 619 all'erendo
1411 561 1531 618 certum

198 673 258 740 hoc
279 695 392 738 nomeu
412 674 552 738 reticere.
596 673 687 738 Nuno
707 682 827 753 autem,
857 675 942 757 quod
962 681 1109 755 uterque,
1137 673 1280 755 inprimis
1303 671 1438 748 Gellius,
1458 669 1533 734 dili·

198 801 309 878 genter
335 793 474 858 locorum
496 792 593 858 libros
614 799 647 857 et
667 797 794 858 nomina
814 815 922 859 eorum
942 793 1074 870 indicat,
1102 794 1144 856 ani
1166 813 1245 872 quos
1267 790 1420 874 epistulae
1441 789 1533 853 datae

198 917 292 978 sunt¹
315 931 477 991 nmrquam
499 931 572 976 vero
593 931 706 976 nomen
730 914 834 978 nescio
855 913 941 994 quod
960 913 1051 976 istius
1073 910 1271 988 collectionis,
1293 909 1351 974 hoc
1372 910 1436 973 iam
1457 909 1534 972 satis

199 1051 293 1113 grave
321 1029 535 1094 testimonium
564 1035 612 1094 ost
634 1049 686 1094 eos
707 1031 841 1096 alteram
862 1031 1069 1113 epistularum
1090 1029 1304 1094 collectionem
1326 1028 1450 1092 omnino
1472 1047 1534 1090 non
1557 1049 1559 1052 ·

199 1150 330 1214 novisse.
373 1146 561 1228 Ubicunque
581 1169 654 1212 vero
681 1149 803 1230 antiqui
828 1150 1023 1230 grammatici
1052 1148 1155 1212 locum
1176 1147 1313 1212 afferunt
1335 1146 1536 1227 desumptum
1593 1207 1595 1211 ,

201 1287 239 1332 ex
267 1266 409 1348 epistulis
429 1267 495 1330 eius
517 1267 665 1344 nominis,
696 1269 784 1332 cuius
812 1269 966 1349 quaedam
988 1268 1083 1332 etiam
1104 1267 1137 1329 in
1159 1265 1301 1348 epistulis
1322 1264 1364 1329 ad
1385 1263 1458 1328 farn.
1481 1284 1535 1327 ex-

201 1386 342 1462 stantis
364 1384 450 1450 locus
471 1385 555 1452 inter
576 1383 634 1450 has
649 1387 781 1467 reperiri
803 1385 899 1462 solet3
921 1405 995 1450 nam
1016 1386 1119 1449 tribus
1140 1385 1203 1448 illis
1217 1384 1302 1460 locis,
1324 1383 1438 1463 quibus
1455 1381 1538 1445 hanc

201 1502 342 1584 regulam
363 1502 511 1570 violatam
533 1523 600 1568 esse
614 1503 756 1580 vidimus,
779 1525 840 1568 non
862 1505 908 1568 ita
927 1503 1063 1567 multum
1086 1503 1211 1580 tribuet,
1234 1503 1412 1583 quicunque
1429 1520 1537 1564 eorum

201 1627 349 1686 naturam
376 1619 556 1702 diligentius
577 1623 802 1688 examinaverit
823 1630 854 1686 et
875 1622 917 1686 ad
946 1622 1138 1703 reliquorum
1167 1641 1332 1685 numerum
1353 1619 1535 1700 respexerit.

202 1739 250 1804 De
280 1738 330 1802 his
358 1739 455 1820 igitur
475 1739 569 1804 modo
596 1740 780 1805 videbimus.
829 1741 932 1805 Antea
959 1762 1032 1806 vero
1062 1741 1155 1806 velim
1183 1739 1265 1803 hanc
1292 1738 1406 1820 legem,
1443 1757 1539 1818 quam

203 1858 300 1940 posui,
319 1857 352 1921 in
373 1858 552 1925 universum
574 1860 710 1941 probari.
754 1859 865 1940 Itaque
889 1861 933 1924 eis
956 1861 1067 1938 verbis,
1090 1880 1172 1940 quae
1192 1857 1312 1922 Nonius
1336 1877 1374 1920 ex
1396 1854 1538 1938 epistulis

203 1975 295 2042 affort
326 1997 418 2042 suum
451 1997 607 2058 quemque
640 1977 744 2042 locum
769 1979 803 2041 in
844 1976 903 2042 hoc
939 1977 1285 2061 corporerespondere
1313 1975 1366 2039 hio
1401 1974 1539 2039 locorum

203 2101 387 2176 conspectus
405 2094 534 2162 doceat:

308 2234 399 2294 pag.
423 2218 493 2278 259.
519 2221 567 2277 15.
614 2213 719 2280 Cicero
747 2217 779 2278 in
800 2218 931 2296 epistula
952 2217 994 2279 cd
1018 2215 1159 2280 Cassium
1209 2241 1251 2267 π
1270 2211 1338 2275 XV.
1367 2219 1411 2274 14.

328 2351 399 2412 pag.
423 2337 493 2394 291.
522 2337 567 2394 ll.
612 2332 646 2396 M
680 2331 797 2396 Tollius
820 2335 852 2395 in
876 2336 960 2414 epist.
984 2336 1026 2396 cd
1045 2333 1185 2398 Cassiani
1211 2363 1248 2388 2.-
1271 2329 1337 2393 XV.
1366 2336 1412 2393 16.

329 2471 400 2531 pag.
423 2453 493 2512 278.
538 2453 565 2510 2.
611 2449 655 2514 M.
684 2448 802 2514 Tullius
826 2452 867 2514 orl
891 2451 1031 2516 Cossium
1054 2453 1101 2514 lib.
1127 2451 1150 2514 l.
1208 2477 1249 2504 =
1271 2448 1339 2512 XV.
1369 2455 1412 2510 16.

328 2588 398 2650 pag.
425 2572 494 2630 261.
518 2571 568 2630 39.
613 2568 656 2632 M.
683 2567 801 2632 Tullius
823 2570 864 2632 ed
888 2569 1034 2633 Catonem
1210 2597 1249 2622 τ
1271 2566 1339 2630 XV.
1384 2574 1413 2629 a.

329 2704 399 2767 pag.
423 2690 493 2748 264.
517 2689 567 2748 38.
613 2687 653 2748 Μ.
684 2685 801 2751 Tullius
823 2689 863 2751 aei
888 2687 1060 2753 Coroneam
1209 2715 1250 2740 π
1271 2684 1339 2748 XV.
1384 2693 1413 2747 4.

329 2824 399 2886 pag.
424 2807 494 2865 274.
538 2808 566 2866 2.
612 2804 654 2867 M.
681 2803 798 2870 Tullius
821 2808 852 2868 in
876 2827 921 2886 ep.
946 2807 987 2869 ud
1009 2818 1148 2870 serratum
1209 2833 1249 2858 ι·-
1270 2803 1338 2867 XV.
1384 2810 1412 2866 ’1.

331 2942 401 3003 pag.
429 2926 569 2984 109.14.
614 2923 658 2985 Μ.
687 2921 804 2988 Tullios
827 2926 868 2988 ou
891 2923 1057 2988 Curionem
1210 2951 1251 2984 :a
1301 2922 1340 2986 Π.
1386 2929 1414 2984 ’1.

330 3059 400 3121 pag.
424 3043 567 3102 41132.
613 3039 1076 3107 alumnumalumnum
1211 3073 1250 3098 :2
1287 3040 1341 3104 IX.
1370 3049 1414 3102 14.

331 3177 401 3240 pag.
445 3162 494 3222 83.
519 3163 568 3220 25.
614 3158 657 3223 Μ.
684 3158 801 3224 Tollius
825 3161 865 3225 ed
894 3159 1066 3224 Varronem
1087 3159 1174 3222 Paeti
1212 3187 1252 3212 π
1287 3158 1342 3222 Ill.
1366 3163 1415 3221 ao.

206 3277 410 3357 Reliquamm
445 3281 552 3341 autem
588 3275 793 3357 epistularum
830 3276 932 3353 Hirti,
976 3275 1097 3354 Planci,
1138 3277 1213 3353 Axi,
1253 3276 1355 3353 Calui,
1400 3276 1542 3340 Caesaris

205 3396 343 3472 iunioris,
364 3393 418 3470 fili,
440 3414 518 3474 quas
537 3394 621 3458 idem
641 3393 727 3458 haud
748 3415 821 3458 raro
842 3395 928 3471 citat,
949 3394 1028 3458 nihil
1053 3396 1180 3460 omnino
1200 3394 1292 3460 hodie
1310 3399 1425 3459 exstat.
1463 3393 1543 3458 Item

207 3535 245 3578 ex
278 3514 324 3578 eis
351 3511 507 3594 epistulis,
543 3533 622 3592 quas
649 3511 860 3589 Quintilianus
886 3520 1121 3591 commemorat,
1161 3535 1225 3578 una
1253 3514 1308 3582 illa
1334 3514 1375 3577 aa
1407 3514 1544 3595 Appium

208 3630 373 3695 Claudium
400 3630 556 3712 reperitur
584 3631 616 3692 in
647 3629 789 3712 epistulis
819 3630 860 3694 ad
888 3631 961 3694 fam.
985 3631 1052 3710 (Ill.
1077 3638 1117 3711 8),
1146 3632 1339 3713 reliquarum
1366 3634 1407 3695 cd
1437 3635 1543 3714 filiurn,

207 3755 247 3814 rud
272 3751 449 3814 Caerelliani
479 3747 559 3812 nihil
588 3748 630 3812 erl
658 3770 715 3812 nos
742 3750 884 3830 pervenit
914 3751 974 3816 uisi
1001 3749 1093 3814 fama.
1137 3750 1201 3816 Eas
1228 3751 1364 3832 denique
1385 3749 1542 3831 epistulas,

206 3869 290 3932 unde
323 3866 443 3934 Gellius
478 3867 562 3932 locos
593 3867 747 3948 quosdam
779 3865 898 3945 hauet,
934 3890 1032 3949 quum
1067 3869 1131 3932 sint
1164 3867 1252 3933 Servi
1286 3841 1418 3950 Sulpici,
1455 3868 1543 3930 Asini

207 3986 370 4064 Pollionis,
400 4006 533 4066 quorum
560 3985 767 4068 epistularum
794 3987 920 4050 omnino
949 3985 1102 4068 quaedam
1125 3987 1157 4050 iu
1187 3985 1247 4050 hoc
1267 4007 1380 4068 corpus
1400 3993 1543 4068 receptae

236 4149 238 4154 Ι
265 4172 287 4239 ¹)
311 4171 389 4224 Noct.
404 4170 489 4224 Attia
503 4171 524 4222 Ι.
537 4171 578 4224 22.
595 4173 643 4224 19:
661 4171 706 4223 Ita
724 4169 796 4222 enim
817 4169 1008 4238 scriptumest
1026 4170 1055 4223 in
1073 4171 1142 4224 libro
1160 4171 1338 4239 epistularum
1356 4171 1392 4223 Μ.
1407 4171 1544 4226 Ciceronis

208 4259 244 4312 ad
268 4259 299 4310 L.
326 4257 457 4310 Plancum
478 4260 507 4309 et
529 4255 559 4308 ln
583 4256 702 4324 epistula
725 4254 805 4308 Asini
829 4255 959 4310 Pollionis
983 4256 1019 4309 ad
1044 4255 1200 4310 Ciceronem
1225 4256 1313 4309 verbis
1338 4256 1381 4310 his
1408 4259 1446 4325 (et
1466 4283 1496 4299 --τ
1515 4261 1543 4310 et

208 4344 334 4412 qudem).
360 4371 392 4380 —
416 4341 524 4404 Nonius
545 4343 615 4410 (peg-
632 4344 674 4398 83.
699 4342 759 4409 31);Ι
791 4341 884 4400 Cicero
909 4343 944 4404 ad
961 4341 1110 4400 Varronem
1134 4340 1253 4409 epistula
1277 4342 1370 4409 Paeti,
1399 4343 1433 4395 cf.
1458 4342 1543 4399 Nake

208 4431 225 4483 l.
244 4446 266 4483 c.
284 4445 345 4498 pag.
365 4431 398 4482 25
416 4433 472 4482 not.
491 4431 531 4482 41.

262 4533 286 4600 ²)
312 4547 371 4600 pag.
389 4533 448 4586 438.
467 4533 507 4585 33.
527 4545 592 4584 sane
615 4529 688 4584 idem
705 4530 786 4583 verba
811 4535 950 4598 tamquam
974 4545 1008 4584 ex
1026 4529 1145 4598 epistula
1163 4531 1215 4596 „acl
1234 4532 1381 4584 Catonem⁶⁴
1399 4529 1544 4597 desumpta

209 4619 297 4685 affert,
322 4634 390 4686 quae
412 4617 441 4670 in
459 4618 508 4670 hoc
528 4633 636 4684 corpore
653 4633 708 4669 non
725 4619 857 4670 exstant·
884 4615 943 4682 Quo
961 4615 1074 4670 deloco
1090 4615 1154 4682 quid
1173 4616 1349 4669 iudicandum
1368 4614 1405 4668 sit
1426 4621 1542 4668 exeunte

209 4706 260 4759 hac
278 4703 506 4758 commentatione
523 4706 679 4770 exponetur.
