3586 5266
780 197 983 291 A...

314 457 406 533 Quod
434 479 507 522 vero
536 458 656 522 Nemus
684 461 797 524 librani
826 447 854 524 I.
878 462 920 524 od
935 429 1105 526 *Caesarem
1135 467 1218 537 octo,
1249 459 1346 522 libros
1375 457 1415 522 ll.
1440 466 1472 522 et
1492 458 1548 522 III.

209 573 290 638 binis
312 575 401 692 lociq,
432 576 539 657 plures
560 598 717 658 nusquam
739 579 769 642 in
791 599 883 641 suum
904 599 997 643 usum
1019 579 1188 655 convertit,
1219 585 1284 642 tres
1306 579 1431 641 omnino
1452 577 1549 642 libros

208 690 301 755 luisse
323 691 413 756 facile
436 694 632 757 crediderim.

312 809 430 874 Verum
464 812 610 876 nolumus
644 812 704 876 hcc
737 813 805 876 loco
838 815 970 878 reticere
996 813 1136 876 dubitari
1166 833 1257 894 posse
1285 821 1393 895 utrum
1421 820 1550 875 mutuae

208 927 365 992 Ciceronis
393 935 425 992 et
447 929 590 994 Caesaris
617 930 771 1012 epistulae
798 931 840 994 ab
870 931 979 996 eodem
1001 929 1115 995 Tirone
1144 953 1185 994 an
1214 931 1255 994 ab
1283 933 1327 994 eis
1354 931 1457 994 editae
1478 932 1550 1008 sint,

207 1066 286 1125 quos
314 1053 434 1110 ceteras
463 1046 525 1110 Iuli
552 1049 718 1129 epistulae,
751 1050 793 1112 ad
821 1048 855 1112 C.
879 1051 1017 1132 Oppium
1043 1049 1127 1126 dico,
1159 1048 1201 1112 ad
1221 1047 1365 1125 Balbum,
1402 1049 1444 1112 ad
1472 1047 1550 1111 alios

207 1161 312 1239 datas,
343 1164 375 1226 in
405 1165 517 1246 vulgus
545 1165 680 1230 edidisse
703 1174 851 1232 constat.¹
904 1167 936 1232 si
970 1168 1106 1231 alterum
1136 1166 1196 1230 hoe
1218 1187 1327 1230 verum
1348 1174 1410 1244 est,
1438 1167 1550 1230 melius
1586 1237 1591 1244 ,

206 1281 303 1344 etiam
330 1282 527 1364 intelligitur,
557 1285 714 1364 quomodo
741 1282 860 1348 factum
888 1287 943 1363 sit,
973 1293 1010 1350 ut
1037 1294 1103 1349 tres
1130 1285 1203 1348 illae
1224 1285 1378 1367 epistulae
1401 1285 1455 1364 (ad
1477 1286 1548 1348 fam.

207 1397 274 1475 Vll,
294 1405 322 1462 5.
335 1399 419 1478 XIII,
448 1378 494 1464 lb.
507 1407 573 1480 16),
592 1409 704 1484 utpote
724 1404 757 1465 in
779 1404 959 1493 collectione
976 1403 1099 1486 Iuliana
1113 1405 1361 1486 praetermissae,
1383 1405 1416 1466 in
1436 1425 1550 1485 corpus

207 1517 416 1596 epistularum
433 1519 474 1582 ad
494 1519 566 1583 iam.
591 1521 813 1602 reciperentur.

312 1635 530 1718 Epistularum
566 1639 608 1701 ad
640 1637 804 1716 Calvum,‘-‘
830 1659 943 1718 ,quum
981 1637 1158 1702 Priscianus
1193 1637 1252 1725 (II.
1280 1659 1351 1719 pag.
1382 1643 1453 1700 492.
1491 1638 1549 1722 1⁶2)

207 1749 324 1814 librum
345 1753 369 1816 I.
400 1754 525 1832 afferat,
554 1757 719 1820 minimum
745 1759 824 1820 ‹luos
849 1756 948 1820 libros
966 1755 1113 1837 vulgatos
1139 1755 1234 1820 luisse
1261 1755 1462 1819 manifestum
1492 1762 1548 1819 est.

208 1869 257 1930 Ab
278 1869 328 1933 bis
349 1872 498 1935 nimirum
520 1882 701 1954 segregatae
723 1881 814 1939 erant
837 1874 925 1938 Calvi
946 1875 1057 1955 ipsius,
1086 1874 1263 1954 dequibus
1286 1873 1384 1938 Tacit.
1408 1875 1482 1938 dial.
1514 1880 1547 1937 18

207 1987 329 2067 agitur:
351 1992 463 2070 legistis
486 2002 513 2055 et
537 1991 623 2056 Calvi
644 2003 670 2056 et
697 1993 787 2056 Bruti
807 1995 848 2056 od
872 1991 1050 2056 Ciceronem
1072 1996 1183 2057 nrissns
1206 1996 1362 2074 epistulas.

232 2135 235 2142 ·
314 2106 531 2190 Epistularum
565 2110 605 2173 ad
636 2111 768 2172 Axium*
798 2109 917 2174 Nonius
954 2116 1043 2190 (pag.
1073 2117 1142 2172 109.
1175 2115 1233 2189 ab)
1262 2110 1380 2174 librum
1408 2109 1432 2172 I.
1464 2111 1548 2186 citat,

207 2222 340 2288 fortasse
369 2233 476 2290 autem
506 2227 579 2309 plus
607 2229 670 2291 duo
700 2228 798 2292 libros
827 2231 868 2293 ad
896 2229 1030 2292 eundem
1052 2229 1210 2292 exstitisse
1232 2229 1416 2292 concludere
1437 2229 1549 2297 licete

125 2433 127 2439 Α
208 2340 375 2407 Frontonis
398 2367 450 2427 ep,
470 2345 511 2408 ad
529 2346 644 2408 Autou.
664 2345 702 2422 II,
728 2353 760 2408 5:
783 2369 882 2410 urium
906 2345 1051 2434 (librum)
1071 2349 1247 2412 11111111
1269 2349 1400 2412 describi
1422 2347 1548 2409 iubebis.

207 2458 291 2522 Num
311 2463 407 2532 etiam
429 2464 528 2542 ipsius
550 2463 610 2524 Axi
632 2447 786 2543 epistulae
807 2465 911 2528 editae
932 2465 1057 2540 fuerint,
1080 2486 1142 2527 nou
1163 2464 1272 2544 liquet.

314 2577 401 2642 Haec
422 2580 519 2660 igitur
540 2602 679 2663 corpora,
702 2581 741 2644 de
764 2581 881 2661 quibus
903 2583 996 2646 modo
1019 2584 1147 2673 egImus,
1174 2581 1277 2646 nullas
1301 2582 1453 2662 epistulas
1476 2601 1549 2644 corr-

116 2751 117 2754 ,
207 2695 359 2774 tinebant,
381 2699 442 2762 uisi
463 2707 537 2762 anto
560 2699 659 2776 datas,
682 2721 777 2782 quam
801 2699 873 2764 Tiro
895 2700 1060 2765 eonsilium
1082 2700 1288 2782 epistularum
1304 2699 1550 2780 colligendarum

208 2820 304 2893 atquc
326 2815 519 2880 edendarum
541 2819 632 2899 cepit,
665 2839 730 2900 qua
750 2840 785 2882 re
806 2817 925 2882 factum
947 2825 1002 2896 est,
1031 2818 1149 2883 utalia
1172 2818 1328 2882 volumine
1350 2823 1551 2898 componeret

208 2951 411 3013 quascunque
433 2933 543 3006 Cicero
562 2936 605 2998 ad
626 2957 725 2998 unum
747 2957 905 3016 quemque
923 2934 1037 3000 horum
1057 2939 1196 3000 virorum
1217 2936 1318 3013 dedit,
1348 2935 1410 2999 alio
1432 2955 1491 3010 eas,
1523 2935 1550 2997 si

208 3049 336 3127 quidem
358 3053 483 3114 omnino
505 3053 608 3116 editae
629 3061 711 3130 sunt,
733 3075 813 3134 quas
831 3054 873 3117 ab
897 3036 1015 3118 eisdem
1034 3056 1164 3136 accepit.

312 3167 380 3230 Iam
406 3169 576 3233 videndum
598 3178 646 3235 est
674 3173 714 3235 de
733 3175 777 3236 eis
798 3171 941 3254 epistulis
963 3173 1097 3250 amissis,
1125 3193 1207 3252 quae
1230 3172 1347 3252 partim
1369 3178 1401 3235 et
1423 3177 1497 3233 ante
1518 3176 1550 3233 et
1637 3185 1641 3192 ’

207 3291 292 3366 post,
324 3287 442 3366 partim
469 3296 600 3352 cunctae
627 3298 699 3370 post
729 3290 826 3366 hunc,
857 3311 951 3370 quem
972 3293 1141 3355 statuimus
1170 3291 1339 3354 terminum
1361 3311 1381 3352 a
1403 3289 1551 3352 Cicerone

207 3409 240 3466 et
267 3403 360 3468 datae
390 3413 422 3468 et
449 3415 597 3488 acceptae
622 3415 705 3471 sunt.
751 3408 857 3488 Atque
886 3409 946 3471 hae
975 3409 1104 3488 quidem
1132 3411 1239 3490 paucis
1269 3414 1401 3490 possunt
1423 3405 1551 3482 absolvi,

207 3542 306 3602 quum
333 3529 460 3606 praeter
489 3523 640 3608 epistulas
656 3526 711 3594 ad
733 3526 900 3590 Octavium
926 3533 958 3589 et
987 3527 1029 3589 ad
1051 3525 1231 3590 Cornelium
1260 3527 1416 3610 Nepotem
1445 3523 1551 3587 nullae

207 3649 500 3719 commemorentur,
520 3663 599 3722 quas
620 3645 688 3706 iure
710 3644 772 3707 huc
794 3643 920 3708 referas.
954 3643 1034 3707 Cum
1051 3644 1180 3707 Octavio
1201 3664 1273 3706 vero
1295 3649 1367 3726 post
1383 3641 1551 3706 Caesarem

208 3757 344 3820 occisum
366 3774 423 3842 per
444 3759 567 3824 litteras
589 3781 682 3841 agere
703 3763 813 3846 coepit,
837 3783 935 3843 quum
957 3762 1009 3825 hic
1031 3783 1109 3842 puer
1124 3761 1320 3841 craderiginti
1342 3778 1496 3824 annorum
1512 3781 1551 3822 ex
1663 3794 1664 3797 κ

208 3877 279 3952 utic,
302 3897 364 3956 quo
386 3877 667 3960 Apolloniae-usus
688 3887 764 3957 erat,
793 3881 949 3944 excitatus
970 3883 1259 3961 arma'capesseret
1281 3878 1403 3941 nomine
1426 3885 1462 3940 ut
1484 3897 1551 3940 rem

208 3993 368 4076 publicam
382 4005 587 4074 conservaret,
609 4018 643 4060 re
661 4005 697 4061 ut
718 4001 818 4080 patris
841 4019 948 4062 necem
968 3998 1171 4062 ulcisceretur
1187 3998 1316 4076 eiusque
1332 3996 1462 4058 consilio
1480 4016 1551 4076 per·
1610 4083 1612 4087 Ι

266 4180 286 4247 Ι)
311 4178 344 4232 ef.
363 4180 472 4233 Sueten.
497 4181 700 4234 1110111156.
736 4175 897 4249 „Epistulae
920 4197 1024 4248 quoque
1048 4182 1106 4235 eius
1132 4183 1167 4235 ad
1192 4165 1319 4232 senatum
1343 4184 1455 4232 exstant
1480 4220 1485 4230 .
1506 4220 1511 4230 .
1531 4197 1549 4243 .;

211 4270 323 4319 exstant
339 4269 368 4319 et
387 4267 422 4319 ad
442 4265 606 4332 Ciceronem,
624 4265 710 4320 etiam
729 4267 764 4318 ad
782 4267 932 4320 familiares
950 4267 1108 4320 domesticis
1126 4269 1159 4320 de
1179 4267 1283 4318 rebus.“
1302 4265 1405 4319 Gellius
1421 4265 1506 4330 XVII,
1526 4268 1550 4318 9.

209 4350 303 4416 „Libri
327 4357 391 4406 sunt
413 4352 594 4420 epistularum
617 4353 645 4405 C.
664 4351 789 4406 Caesaris
814 4354 849 4404 ad
868 4353 896 4406 C.
916 4353 1033 4422 Oppium
1056 4357 1085 4406 et
1112 4352 1227 4404 Balbum
1248 4353 1402 4405 Cornelium
1430 4367 1452 4404 e.
1471 4369 1495 4418 q.
1514 4353 1551 4404 s.“

210 4437 351 4491 Charisius
370 4440 408 4492 79.
427 4441 461 4492 22
480 4438 598 4505 „Caesar
616 4438 651 4491 ad
669 4437 820 4491 Pisonem.“
848 4439 957 4492 Sueten.
977 4439 1024 4492 vit.
1038 4440 1113 4492 Caes.
1133 4439 1165 4490 73
1185 4438 1237 4503 „ad
1259 4437 1397 4490 Licinium
1415 4437 1551 4489 Calvum.“
1645 4463 1647 4466 ·

209 4523 270 4576 vide
288 4523 345 4576 alia
363 4523 392 4575 in
410 4523 577 4592 Nipperdeyi
594 4524 635 4576 cd.
655 4522 780 4576 Caesaris
799 4529 941 4577 comment.
961 4525 1026 4578 1847
1049 4540 1109 4590 pag.
1132 4523 1182 4576 766
1201 4539 1256 4590 sqq.

263 4628 288 4695 ²)
313 4628 411 4680 Calvus
426 4643 497 4680 anno
517 4628 567 4681 708
586 4643 642 4680 nen
658 4626 714 4680 iam
730 4619 807 4682 'vivit
844 4627 876 4680 cI.
897 4626 1100 4682 Orelli-Baiteri
1115 4626 1208 4679 Onom
1228 4626 1298 4678 Tull.
1316 4625 1351 4690 II,
1371 4641 1432 4692 pag.
1451 4627 1511 4678 343.

265 4731 288 4789 ⁸)
312 4730 366 4783 Axi
385 4734 446 4796 post
461 4745 563 4782 annum
575 4731 626 4782 705
641 4730 686 4796 (ad
701 4732 759 4782 Att.
769 4730 802 4795 X,
818 4734 856 4783 ll.
872 4732 900 4794 23
921 4731 1004 4794 13,1;
1027 4733 1066 4782 15,
1079 4732 1106 4798 4)
1120 4729 1224 4783 mentio
1240 4728 1269 4780 in
1283 4727 1408 4795 epistulis
1421 4729 1497 4780 nulla
1510 4728 1550 4781 fit.
