3586 5266
852 129 892 187 24

773 213 977 222 ..ω-μ.

301 393 421 458 Verum
455 399 562 457 tamen
595 399 656 470 est,
692 391 779 476 quod
812 390 894 457 banc
922 391 1076 456 librorum
1105 393 1309 477 partitionem
1336 391 1541 456 commendet.

197 512 279 577 Nam
307 532 407 597 quum
426 510 581 592 Leighton
610 508 708 574 libros
736 508 876 574 I—XII.
899 531 956 594 per
984 531 1017 574 se
1044 531 1138 574 suum
1156 509 1301 574 volumen
1325 508 1448 573 efficere
1468 509 1543 572 velit

198 637 284 694 certo
312 629 373 694 hoc
401 628 529 693 consilio
558 627 782 712 compositum,
811 635 848 690 ut
877 628 979 713 primo
1001 628 1068 691 loco
1090 632 1296 708 cognoscatur
1313 625 1390 712 quid
1411 627 1543 690 rationis

199 747 306 813 Cicero
327 746 476 810 habuerit
496 767 568 810 oum
591 743 820 830 compluribus,
848 747 904 829 qui
925 747 952 809 ei
980 745 1160 809 litterarum
1181 747 1365 809 commercio
1387 745 1543 808 coniimcti

197 872 303 943 erant,
334 863 471 929 secundo
500 884 552 927 res
579 869 686 944 gestae
706 869 830 926 servato
853 865 1003 948 cuiusque
1026 865 1100 928 anni
1122 863 1231 927 ordine
1254 870 1448 940 enarrentur,
1476 863 1543 947 ipse
1635 853 1637 860 ’

197 983 339 1048 concedit
365 993 451 1067 (Q-
474 985 513 1043 27
537 979 599 1066 sq.)
624 1000 692 1045 esse
719 987 847 1065 praeter
872 981 1015 1062 regulam
1042 980 1168 1060 factum,
1199 981 1284 1066 quod
1312 980 1394 1044 liber
1415 988 1544 1044 octavus

197 1103 282 1165 huno
312 1100 415 1164 locum
445 1105 546 1176 tenet,
575 1119 674 1183 quum
700 1099 817 1163 rectius
843 1099 979 1164 secundo
1009 1099 1090 1164 libro
1111 1100 1274 1184 proximus
1294 1097 1420 1162 iuturus
1439 1097 1542 1161 fuerit.

198 1219 290 1283 Hunc
318 1216 503 1302 scrupulum
527 1237 585 1280 nos
614 1217 714 1282 vitare
743 1237 866 1294 censeo,
897 1219 923 1280 si
951 1239 1021 1282 eam
1048 1217 1202 1282 librorum
1230 1218 1433 1301 partitionem
1461 1191 1555 1280 acci-x

197 1339 302 1424 pimus
335 1356 431 1421 quam
464 1335 617 1398 traditam
655 1355 722 1399 esse
757 1335 901 1398 vidimus.
950 1334 1062 1420 Itaque
1099 1337 1125 1399 si
1154 1334 1215 1398 hoc
1240 1334 1386 1399 volumen
1414 1355 1434 1398 a
1462 1334 1543 1398 libro

196 1457 298 1541 primo
320 1471 420 1538 usque
440 1453 483 1517 ad
503 1453 665 1516 ineuntem
686 1473 806 1517 nonum
825 1453 994 1538 pe1tinuit,
1022 1452 1101 1516 bene
1122 1445 1242 1516 iactum
1263 1459 1323 1530 est,
1353 1451 1439 1537 quod
1463 1451 1543 1515 liber

200 1581 341 1651 octeuus,
376 1591 475 1656 quum
503 1591 566 1634 non
593 1571 693 1654 ipsius
713 1570 880 1636 -Ciceronis
909 1571 965 1634 sed
993 1569 1079 1635 Caeli
1108 1571 1260 1655 epistulas
1286 1572 1475 1647 contineret,
1509 1571 1543 1632 in

200 1692 262 1756 fine
283 1691 378 1755 huius
400 1689 566 1753 uoluminis
586 1689 709 1772 positus
730 1696 793 1767 est,
820 1688 933 1773 reliqui
957 1687 1030 1752 libri
1051 1708 1088 1752 eo
1111 1688 1220 1754 ordine
1242 1710 1275 1754 se
1296 1689 1466 1772 excipiunt,
1488 1689 1541 1772 qui
1590 1749 1594 1769 ι

199 1817 380 1895 temporum
401 1805 517 1871 rationi
540 1804 701 1870 satisfecit.

304 1926 387 1990 Nam
416 1926 443 1990 si
465 1924 581 2009 quibus
602 1924 693 1987 annis
714 1921 871 2008 plurimae
892 1924 986 1986 nnius
1008 1923 1159 2006 cuiusque
1180 1921 1254 1985 libri
1274 1922 1429 2007 epistulae
1450 1922 1544 1986 datae

199 2045 264 2110 sint
285 2044 516 2128 componimus:

554 2158 608 2222 lib.
668 2157 692 2221 I.
715 2175 786 2244 epp.
803 2177 959 2222 annorum
981 2162 1148 2221 698-700
1169 2157 1318 2235 continet,
1392 2215 1394 2218 .
1455 2216 1457 2222 .

574 2323 590 2353 „
655 2274 695 2337 11.
739 2325 755 2353 „
882 2326 899 2354 ,
986 2279 1153 2339 ror-roo

576 2441 592 2469 „
635 2390 691 2455 111.
735 2441 751 2469 „
879 2442 895 2470 „
984 2397 1150 2456 toa-704

573 2559 588 2586 „
638 2507 691 2571 lv.
736 2559 751 2587 ,
879 2559 895 2587 ,
983 2514 1149 2573 roe-ros

577 2674 593 2703 ‚‚
655 2625 693 2689 v.
736 2676 752 2704 ,‚
880 2676 896 2705 ,
983 2631 1149 2691 oea-roe

576 2793 592 2821 „
642 2743 694 2806 vl.
738 2795 754 2823 ,
882 2794 898 2822 „
985 2748 1152 2808 roe-roo
1281 2764 1284 2772 ·

577 2909 593 2938 ,‚
624 2858 692 2924 vll.
736 2911 752 2939 ,
879 2911 895 2939 ,
983 2866 1149 2925 eae-roe
1172 2858 1264 2945 (no)

575 3029 590 3055 ,
606 2977 690 3041 vm.
735 3027 751 3055 „
793 2965 1159 3056 ‘'Troe-roe.

199 3092 309 3178 Neque
336 3093 522 3174 igiturest,
557 3102 714 3179 quantum
741 3095 846 3174 video,
881 3115 937 3160 cur
965 3095 1146 3160 diffidamus
1174 3093 1235 3158 boc
1261 3092 1405 3156 volumen
1433 3092 1544 3156 eadem

198 3205 300 3274 forma
320 3231 340 3274 a
362 3209 477 3274 Tirone
496 3231 563 3276 esse
583 3211 768 3297 profectum.

304 3327 366 3392 Sed
386 3328 487 3392 multo
509 3329 668 3395 difficilius
690 3337 787 3415 atque
800 3331 951 3394 incertius
971 3329 1122 3393 iudicium
1137 3335 1186 3392 est
1207 3329 1247 3392 de
1261 3328 1362 3392 altero
1379 3324 1543 3404 volumine,

199 3467 262 3511 non
287 3446 389 3511 solum
418 3447 493 3531 quia
520 3449 660 3512 continet
687 3447 805 3512 librum
834 3447 918 3512 XIII.
942 3468 1071 3532 prorsus
1101 3446 1240 3511 alienum
1266 3467 1287 3509 a
1314 3445 1459 3530 reliquis,
1488 3444 1543 3508 sed

198 3566 295 3628 etiam
316 3566 391 3649 quia
411 3571 532 3628 remoto
552 3564 614 3629 hoc
632 3564 713 3629 libro
734 3565 833 3630 nihilo
848 3567 952 3628 minus
967 3566 1044 3630 ordo
1058 3565 1213 3629 librorum
1233 3564 1401 3649 perspicua
1421 3563 1543 3626 ratione

198 3690 294 3746 caret.
332 3680 414 3746 Nam
427 3683 455 3746 si
474 3689 599 3767 tempus
615 3683 824 3767 epistularum
837 3685 1030 3768 respicimus,
1052 3683 1142 3747 libris
1165 3681 1246 3760 XIV,
1269 3680 1334 3757 XV,
1358 3679 1440 3745 XVI.
1456 3680 1544 3744 locus

199 3799 337 3864 debebat
357 3819 425 3863 esse
445 3806 519 3885 post
540 3799 639 3865 libros
668 3803 704 3879 X,
735 3801 786 3880 XI,
816 3800 883 3878 XII,
911 3801 1002 3866 siad
1030 3801 1187 3865 diversam
1208 3799 1363 3864 librorum
1386 3798 1541 3878 originem

199 3917 358 3982 debebant
387 3916 460 3980 libri
490 3919 525 3996 X,
556 3917 607 3996 XI,
639 3918 706 3984 XII.
734 3940 754 3983 a
780 3919 911 4004 reliquis
939 3919 1072 3982 seiuncti
1099 3939 1175 3983 esse.
1227 3917 1260 3981 Si
1289 3936 1361 3979 vero
1390 3915 1542 3978 sumimus

199 4035 316 4099 librum
348 4034 434 4099 XIII.
463 4037 615 4119 epistulas
653 4036 942 4114 commendatitias,
978 4035 1076 4101 libros
1106 4034 1190 4100 XIV.
1217 4042 1250 4099 et
1277 4032 1361 4097 XVI.
1390 4032 1542 4118 epistulas

199 4153 241 4215 ad
262 4151 442 4216 Terentiam
472 4159 505 4216 et
530 4153 573 4217 ad
594 4151 742 4218 Tironem
763 4154 958 4218 continentes
979 4155 1091 4218 seriem
1112 4153 1307 4230 conclusisse,
1332 4172 1371 4214 ne
1392 4151 1453 4214 bae
1475 4151 1540 4234 epi-

200 4270 311 4348 stulae,
337 4291 416 4354 quas
439 4271 506 4333 iure
527 4274 700 4354 familiares
722 4277 893 4349 vooamus,¹
919 4270 1185 4336 confunderentur
1206 4291 1277 4335 oum
1299 4268 1437 4353 reliquis,
1460 4289 1540 4352 quae

199 4388 300 4468 magis
320 4386 362 4451 ad
383 4408 451 4450 rem
472 4386 632 4472 publicam
652 4393 805 4473 spectant,
827 4389 907 4473 quid
926 4388 1007 4454 libro
1029 4388 1098 4452 XV.
1120 4387 1292 4452 sanamus?
1329 4387 1362 4450 Si
1385 4387 1440 4472 qui
1461 4386 1541 4450 forte

259 4556 281 4623 ¹)
305 4553 400 4608 Etiam
426 4553 456 4606 in
482 4554 640 4608 collectione
663 4555 844 4623 epistularum
867 4557 921 4610 Iuli
945 4557 1073 4611 Caesaris
1089 4556 1241 4625 „epistulae
1265 4555 1301 4608 ad
1327 4552 1479 4608 familiares
1496 4555 1542 4607 do·

203 4640 326 4694 mesticis
343 4641 377 4695 de
394 4640 492 4694 rebus“
511 4657 527 4693 a
545 4640 657 4709 reliquis
675 4646 833 4710 segregatas
849 4641 934 4696 fuisse
952 4642 1076 4711 sequitur
1092 4658 1108 4697 e
1127 4643 1237 4697 Sueten.
1256 4641 1332 4695 Caes.
1350 4643 1392 4694 56.
