<?xml version="1.0" encoding="UTF-8"?>
<!DOCTYPE html PUBLIC "-//W3C//DTD XHTML 1.0 Transitional//EN"
    "http://www.w3.org/TR/xhtml1/DTD/xhtml1-transitional.dtd">
<html xmlns="http://www.w3.org/1999/xhtml" xml:lang="en" lang="en">
 <head>
  <title>
</title>
<meta http-equiv="Content-Type" content="text/html;charset=utf-8" />
  <meta name='ocr-system' content='tesseract 3.04.00' />
  <meta name='ocr-capabilities' content='ocr_page ocr_carea ocr_par ocr_line ocrx_word'/>
</head>
<body>
  <div class='ocr_page' id='page_1' title='image "./demtulliciceron01gurlgoog_0040.png"; bbox 0 0 3586 5266; ppageno 0'>
   <div class='ocr_carea' id='block_1_1' title="bbox 245 429 1588 1459">
    <p class='ocr_par' dir='ltr' id='par_1_1' title="bbox 245 429 1588 1459">
     <span class='ocr_line' id='line_1_1' title="bbox 247 429 1588 514; baseline 0.003 -21"><span class='ocrx_word' id='word_1_1' title='bbox 247 429 392 494; x_wconf 79' lang='lat' dir='ltr'>Tironem</span> <span class='ocrx_word' id='word_1_2' title='bbox 413 431 564 496; x_wconf 88' lang='lat' dir='ltr'>Brutinas</span> <span class='ocrx_word' id='word_1_3' title='bbox 585 433 737 514; x_wconf 75' lang='lat' dir='ltr'>epistulas</span> <span class='ocrx_word' id='word_1_4' title='bbox 759 455 821 499; x_wconf 92' lang='lat' dir='ltr'>non</span> <span class='ocrx_word' id='word_1_5' title='bbox 845 435 886 498; x_wconf 90' lang='lat' dir='ltr'>ad</span> <span class='ocrx_word' id='word_1_6' title='bbox 914 435 1009 498; x_wconf 93' lang='lat' dir='ltr'>finem</span> <span class='ocrx_word' id='word_1_7' title='bbox 1031 454 1138 498; x_wconf 90' lang='lat' dir='ltr'>omnes</span> <span class='ocrx_word' id='word_1_8' title='bbox 1160 435 1304 498; x_wconf 74' lang='lat' dir='ltr'>edidisse.</span> <span class='ocrx_word' id='word_1_9' title='bbox 1345 435 1381 497; x_wconf 91' lang='lat' dir='ltr'>In</span> <span class='ocrx_word' id='word_1_10' title='bbox 1404 456 1440 499; x_wconf 92' lang='lat' dir='ltr'>eo</span> <span class='ocrx_word' id='word_1_11' title='bbox 1462 443 1588 499; x_wconf 90' lang='lat' dir='ltr'>tantum</span> 
     </span>
     <span class='ocr_line' id='line_1_2' title="bbox 247 543 1588 634; baseline 0.002 -21"><span class='ocrx_word' id='word_1_12' title='bbox 247 547 457 613; x_wconf 88' lang='lat' dir='ltr'>Schmidtium</span> <span class='ocrx_word' id='word_1_13' title='bbox 485 543 607 614; x_wconf 85' lang='lat' dir='ltr'>errasse</span> <span class='ocrx_word' id='word_1_14' title='bbox 635 572 759 628; x_wconf 89' lang='lat' dir='ltr'>censeo,</span> <span class='ocrx_word' id='word_1_15' title='bbox 791 551 877 633; x_wconf 90' lang='lat' dir='ltr'>quod</span> <span class='ocrx_word' id='word_1_16' title='bbox 909 552 1062 634; x_wconf 89' lang='lat' dir='ltr'>epistulas</span> <span class='ocrx_word' id='word_1_17' title='bbox 1083 552 1107 615; x_wconf 91' lang='grc' dir='ltr'>Ι.</span> <span class='ocrx_word' id='word_1_18' title='bbox 1135 559 1170 614; x_wconf 67' lang='grc'>11</span> <span class='ocrx_word' id='word_1_19' title='bbox 1192 560 1225 616; x_wconf 87' lang='grc'>11</span> <span class='ocrx_word' id='word_1_20' title='bbox 1251 559 1285 615; x_wconf 76' lang='lat' dir='ltr'>tt</span> <span class='ocrx_word' id='word_1_21' title='bbox 1309 553 1424 634; x_wconf 90' lang='lat' dir='ltr'>spuriis</span> <span class='ocrx_word' id='word_1_22' title='bbox 1446 574 1506 616; x_wconf 93' lang='lat' dir='ltr'>non</span> <span class='ocrx_word' id='word_1_23' title='bbox 1531 555 1588 617; x_wconf 89' lang='lat' dir='ltr'>ad-</span> 
     </span>
     <span class='ocr_line' id='line_1_3' title="bbox 246 667 1587 754; baseline 0.004 -25"><span class='ocrx_word' id='word_1_24' title='bbox 246 669 431 730; x_wconf 78' lang='lat' dir='ltr'>numeravit.</span> <span class='ocrx_word' id='word_1_25' title='bbox 472 667 537 731; x_wconf 89' lang='lat' dir='ltr'>Neo</span> <span class='ocrx_word' id='word_1_26' title='bbox 566 667 705 750; x_wconf 83' lang='lat' dir='ltr'>profecto</span> <span class='ocrx_word' id='word_1_27' title='bbox 733 669 774 734; x_wconf 94' lang='lat' dir='ltr'>ob</span> <span class='ocrx_word' id='word_1_28' title='bbox 807 691 876 734; x_wconf 91' lang='lat' dir='ltr'>eam</span> <span class='ocrx_word' id='word_1_29' title='bbox 901 692 968 734; x_wconf 91' lang='lat' dir='ltr'>rem</span> <span class='ocrx_word' id='word_1_30' title='bbox 998 672 1094 734; x_wconf 91' lang='lat' dir='ltr'>etiam</span> <span class='ocrx_word' id='word_1_31' title='bbox 1124 671 1182 734; x_wconf 87' lang='lat' dir='ltr'>has</span> <span class='ocrx_word' id='word_1_32' title='bbox 1211 671 1363 754; x_wconf 82' lang='lat' dir='ltr'>epistulas</span> <span class='ocrx_word' id='word_1_33' title='bbox 1390 672 1422 733; x_wconf 91' lang='lat' dir='ltr'>in</span> <span class='ocrx_word' id='word_1_34' title='bbox 1456 671 1587 734; x_wconf 90' lang='lat' dir='ltr'>dubium</span> 
     </span>
     <span class='ocr_line' id='line_1_4' title="bbox 246 786 1581 872; baseline 0.001 -24"><span class='ocrx_word' id='word_1_35' title='bbox 246 787 434 872; x_wconf 86' lang='lat' dir='ltr'>vocaverim,</span> <span class='ocrx_word' id='word_1_36' title='bbox 463 786 538 866; x_wconf 88' lang='lat' dir='ltr'>quia</span> <span class='ocrx_word' id='word_1_37' title='bbox 565 787 612 850; x_wconf 87' lang='lat' dir='ltr'>ite</span> <span class='ocrx_word' id='word_1_38' title='bbox 634 795 833 871; x_wconf 89' lang='lat' dir='ltr'>comparatae</span> <span class='ocrx_word' id='word_1_39' title='bbox 855 797 944 865; x_wconf 89' lang='lat' dir='ltr'>sunt,</span> <span class='ocrx_word' id='word_1_40' title='bbox 975 795 1012 851; x_wconf 88' lang='lat' dir='ltr'>nt</span> <span class='ocrx_word' id='word_1_41' title='bbox 1042 796 1114 870; x_wconf 89' lang='lat' dir='ltr'>post</span> <span class='ocrx_word' id='word_1_42' title='bbox 1134 788 1210 852; x_wconf 90' lang='lat' dir='ltr'>Idus</span> <span class='ocrx_word' id='word_1_43' title='bbox 1233 788 1406 864; x_wconf 82' lang='lat' dir='ltr'>Quinctiles</span> <span class='ocrx_word' id='word_1_44' title='bbox 1425 791 1500 853; x_wconf 88' lang='lat' dir='ltr'>anni</span> <span class='ocrx_word' id='word_1_45' title='bbox 1528 795 1581 851; x_wconf 84' lang='grc'>711</span> 
     </span>
     <span class='ocr_line' id='line_1_5' title="bbox 246 903 1587 987; baseline 0.003 -20"><span class='ocrx_word' id='word_1_46' title='bbox 246 903 338 968; x_wconf 86' lang='lat' dir='ltr'>datas</span> <span class='ocrx_word' id='word_1_47' title='bbox 366 925 434 968; x_wconf 89' lang='lat' dir='ltr'>esse</span> <span class='ocrx_word' id='word_1_48' title='bbox 463 905 666 984; x_wconf 83' lang='lat' dir='ltr'>cogitandum</span> <span class='ocrx_word' id='word_1_49' title='bbox 694 906 736 970; x_wconf 90' lang='lat' dir='ltr'>sit</span> <span class='ocrx_word' id='word_1_50' title='bbox 759 905 831 984; x_wconf 84' lang='lat' dir='ltr'>(etsi</span> <span class='ocrx_word' id='word_1_51' title='bbox 862 906 921 969; x_wconf 92' lang='lat' dir='ltr'>hoc</span> <span class='ocrx_word' id='word_1_52' title='bbox 942 905 1057 969; x_wconf 87' lang='lat' dir='ltr'>iudicio</span> <span class='ocrx_word' id='word_1_53' title='bbox 1079 913 1187 970; x_wconf 88' lang='lat' dir='ltr'>nostro</span> <span class='ocrx_word' id='word_1_54' title='bbox 1205 906 1405 987; x_wconf 90' lang='lat' dir='ltr'>aliquantum</span> <span class='ocrx_word' id='word_1_55' title='bbox 1419 907 1587 985; x_wconf 83' lang='lat' dir='ltr'>subvenit),</span> 
     </span>
     <span class='ocr_line' id='line_1_6' title="bbox 246 1021 1588 1106; baseline 0.001 -22"><span class='ocrx_word' id='word_1_56' title='bbox 246 1021 301 1084; x_wconf 91' lang='lat' dir='ltr'>sed</span> <span class='ocrx_word' id='word_1_57' title='bbox 323 1021 403 1086; x_wconf 88' lang='lat' dir='ltr'>aliae</span> <span class='ocrx_word' id='word_1_58' title='bbox 423 1043 535 1086; x_wconf 88' lang='lat' dir='ltr'>causae</span> <span class='ocrx_word' id='word_1_59' title='bbox 558 1022 727 1101; x_wconf 88' lang='lat' dir='ltr'>accedunt,</span> <span class='ocrx_word' id='word_1_60' title='bbox 756 1045 836 1104; x_wconf 90' lang='lat' dir='ltr'>quas</span> <span class='ocrx_word' id='word_1_61' title='bbox 864 1024 992 1104; x_wconf 83' lang='lat' dir='ltr'>longum</span> <span class='ocrx_word' id='word_1_62' title='bbox 1013 1032 1061 1088; x_wconf 91' lang='lat' dir='ltr'>est</span> <span class='ocrx_word' id='word_1_63' title='bbox 1088 1023 1236 1088; x_wconf 90' lang='lat' dir='ltr'>hocloco</span> <span class='ocrx_word' id='word_1_64' title='bbox 1258 1024 1424 1106; x_wconf 84' lang='lat' dir='ltr'>explicare.</span> <span class='ocrx_word' id='word_1_65' title='bbox 1470 1024 1588 1088; x_wconf 88' lang='lat' dir='ltr'>Verum</span> 
     </span>
     <span class='ocr_line' id='line_1_7' title="bbox 246 1141 1583 1224; baseline 0.004 -24"><span class='ocrx_word' id='word_1_66' title='bbox 246 1144 282 1201; x_wconf 89' lang='lat' dir='ltr'>nt</span> <span class='ocrx_word' id='word_1_67' title='bbox 304 1160 459 1204; x_wconf 90' lang='lat' dir='ltr'>summam</span> <span class='ocrx_word' id='word_1_68' title='bbox 479 1142 579 1205; x_wconf 88' lang='lat' dir='ltr'>nostri</span> <span class='ocrx_word' id='word_1_69' title='bbox 607 1141 714 1205; x_wconf 88' lang='lat' dir='ltr'>iudicii</span> <span class='ocrx_word' id='word_1_70' title='bbox 737 1141 975 1219; x_wconf 90' lang='lat' dir='ltr'>adumbremus,</span> <span class='ocrx_word' id='word_1_71' title='bbox 1006 1143 1152 1206; x_wconf 88' lang='lat' dir='ltr'>videntur</span> <span class='ocrx_word' id='word_1_72' title='bbox 1173 1151 1311 1222; x_wconf 89' lang='lat' dir='ltr'>quatuor</span> <span class='ocrx_word' id='word_1_73' title='bbox 1332 1141 1392 1206; x_wconf 86' lang='grc'><strong>1111</strong></span> <span class='ocrx_word' id='word_1_74' title='bbox 1414 1143 1583 1224; x_wconf 80' lang='grc' dir='ltr'>1111111111Ι</span> 
     </span>
     <span class='ocr_line' id='line_1_8' title="bbox 245 1256 1587 1341; baseline 0.004 -22"><span class='ocrx_word' id='word_1_75' title='bbox 245 1264 279 1320; x_wconf 87' lang='grc'>11</span> <span class='ocrx_word' id='word_1_76' title='bbox 307 1256 443 1338; x_wconf 81' lang='lat' dir='ltr'>epistula</span> <span class='ocrx_word' id='word_1_77' title='bbox 470 1259 526 1322; x_wconf 89' lang='lat' dir='ltr'>illa</span> <span class='ocrx_word' id='word_1_78' title='bbox 553 1259 595 1322; x_wconf 88' lang='lat' dir='ltr'>ad</span> <span class='ocrx_word' id='word_1_79' title='bbox 618 1259 797 1336; x_wconf 87' lang='lat' dir='ltr'>Octavium,</span> <span class='ocrx_word' id='word_1_80' title='bbox 832 1281 929 1341; x_wconf 88' lang='lat' dir='ltr'>quam</span> <span class='ocrx_word' id='word_1_81' title='bbox 951 1258 1248 1324; x_wconf 89' lang='lat' dir='ltr'>Pseudo-Ciceronis</span> <span class='ocrx_word' id='word_1_82' title='bbox 1278 1281 1345 1324; x_wconf 87' lang='lat' dir='ltr'>esse</span> <span class='ocrx_word' id='word_1_83' title='bbox 1377 1282 1484 1324; x_wconf 89' lang='lat' dir='ltr'>omnes</span> <span class='ocrx_word' id='word_1_84' title='bbox 1513 1282 1587 1324; x_wconf 88' lang='lat' dir='ltr'>con-</span> 
     </span>
     <span class='ocr_line' id='line_1_9' title="bbox 246 1375 1587 1459; baseline 0.001 -21"><span class='ocrx_word' id='word_1_85' title='bbox 246 1375 394 1453; x_wconf 88' lang='lat' dir='ltr'>sentiunt,</span> <span class='ocrx_word' id='word_1_86' title='bbox 416 1377 610 1458; x_wconf 83' lang='lat' dir='ltr'>conscriptae</span> <span class='ocrx_word' id='word_1_87' title='bbox 632 1397 700 1441; x_wconf 90' lang='lat' dir='ltr'>esse</span> <span class='ocrx_word' id='word_1_88' title='bbox 715 1378 756 1441; x_wconf 90' lang='lat' dir='ltr'>ab</span> <span class='ocrx_word' id='word_1_89' title='bbox 778 1377 903 1442; x_wconf 91' lang='lat' dir='ltr'>homine</span> <span class='ocrx_word' id='word_1_90' title='bbox 925 1378 1063 1458; x_wconf 87' lang='lat' dir='ltr'>quodam</span> <span class='ocrx_word' id='word_1_91' title='bbox 1086 1378 1178 1442; x_wconf 88' lang='lat' dir='ltr'>docto</span> <span class='ocrx_word' id='word_1_92' title='bbox 1202 1379 1344 1459; x_wconf 86' lang='lat' dir='ltr'>proximo</span> <span class='ocrx_word' id='word_1_93' title='bbox 1360 1377 1401 1441; x_wconf 88' lang='lat' dir='ltr'>ab</span> <span class='ocrx_word' id='word_1_94' title='bbox 1423 1377 1486 1442; x_wconf 89' lang='lat' dir='ltr'>illis</span> <span class='ocrx_word' id='word_1_95' title='bbox 1508 1385 1587 1441; x_wconf 90' lang='lat' dir='ltr'>tem-</span> 
     </span>
    </p>
   </div>
   <div class='ocr_carea' id='block_1_2' title="bbox 246 1483 1588 1708">
    <p class='ocr_par' dir='ltr' id='par_1_2' title="bbox 246 1483 1588 1708">
     <span class='ocr_line' id='line_1_10' title="bbox 246 1483 1585 1578; baseline 0.001 -21"><span class='ocrx_word' id='word_1_96' title='bbox 246 1493 383 1576; x_wconf 84' lang='lat' dir='ltr'>poribus,</span> <span class='ocrx_word' id='word_1_97' title='bbox 410 1515 449 1557; x_wconf 93' lang='lat' dir='ltr'>ne</span> <span class='ocrx_word' id='word_1_98' title='bbox 478 1493 581 1557; x_wconf 88' lang='lat' dir='ltr'>dicam</span> <span class='ocrx_word' id='word_1_99' title='bbox 607 1515 716 1558; x_wconf 91' lang='lat' dir='ltr'>eorum</span> <span class='ocrx_word' id='word_1_100' title='bbox 736 1497 896 1578; x_wconf 81' lang='lat' dir='ltr'>participe,</span> <span class='ocrx_word' id='word_1_101' title='bbox 925 1497 988 1576; x_wconf 90' lang='lat' dir='ltr'>qui,</span> <span class='ocrx_word' id='word_1_102' title='bbox 1017 1517 1115 1576; x_wconf 90' lang='lat' dir='ltr'>quum</span> <span class='ocrx_word' id='word_1_103' title='bbox 1136 1517 1189 1560; x_wconf 86' lang='lat' dir='ltr'>aas</span> <span class='ocrx_word' id='word_1_104' title='bbox 1211 1495 1363 1576; x_wconf 86' lang='lat' dir='ltr'>epistulas</span> <span class='ocrx_word' id='word_1_105' title='bbox 1380 1483 1585 1573; x_wconf 90' lang='lat' dir='ltr'>desideraret,</span> 
     </span>
     <span class='ocr_line' id='line_1_11' title="bbox 247 1610 1588 1708; baseline 0.004 -35"><span class='ocrx_word' id='word_1_106' title='bbox 247 1610 363 1692; x_wconf 89' lang='lat' dir='ltr'>quibus</span> <span class='ocrx_word' id='word_1_107' title='bbox 390 1619 573 1692; x_wconf 84' lang='lat' dir='ltr'>appareret,</span> <span class='ocrx_word' id='word_1_108' title='bbox 603 1634 666 1695; x_wconf 90' lang='lat' dir='ltr'>quo</span> <span class='ocrx_word' id='word_1_109' title='bbox 694 1614 798 1677; x_wconf 89' lang='lat' dir='ltr'>animo</span> <span class='ocrx_word' id='word_1_110' title='bbox 819 1612 927 1677; x_wconf 85' lang='lat' dir='ltr'>Cicero</span> <span class='ocrx_word' id='word_1_111' title='bbox 949 1614 1061 1678; x_wconf 90' lang='lat' dir='ltr'>salutis</span> <span class='ocrx_word' id='word_1_112' title='bbox 1082 1635 1156 1678; x_wconf 90' lang='lat' dir='ltr'>suae</span> <span class='ocrx_word' id='word_1_113' title='bbox 1178 1615 1275 1708; x_wconf 36' lang='lat' dir='ltr'>et&#39;rei</span> <span class='ocrx_word' id='word_1_114' title='bbox 1297 1613 1442 1696; x_wconf 90' lang='lat' dir='ltr'>publicae</span> <span class='ocrx_word' id='word_1_115' title='bbox 1463 1616 1588 1678; x_wconf 90' lang='lat' dir='ltr'>ruinam</span> 
     </span>
    </p>
   </div>
   <div class='ocr_carea' id='block_1_3' title="bbox 228 1728 1592 3818">
    <p class='ocr_par' dir='ltr' id='par_1_3' title="bbox 228 1728 1592 3818">
     <span class='ocr_line' id='line_1_12' title="bbox 228 1728 1587 1823; baseline 0.004 -31"><span class='ocrx_word' id='word_1_116' title='bbox 228 1728 386 1823; x_wconf 83' lang='lat' dir='ltr'>tulisset,</span> <span class='ocrx_word' id='word_1_117' title='bbox 414 1751 507 1810; x_wconf 85' lang='grc'><strong>(1111,</strong></span> <span class='ocrx_word' id='word_1_118' title='bbox 524 1738 601 1794; x_wconf 91' lang='lat' dir='ltr'>tunc</span> <span class='ocrx_word' id='word_1_119' title='bbox 628 1732 695 1795; x_wconf 90' lang='lat' dir='ltr'>eius</span> <span class='ocrx_word' id='word_1_120' title='bbox 723 1733 942 1813; x_wconf 86' lang='lat' dir='ltr'>cogitationes,</span> <span class='ocrx_word' id='word_1_121' title='bbox 979 1754 1060 1812; x_wconf 89' lang='lat' dir='ltr'>quae</span> <span class='ocrx_word' id='word_1_122' title='bbox 1088 1733 1302 1797; x_wconf 88' lang='lat' dir='ltr'>contentiones</span> <span class='ocrx_word' id='word_1_123' title='bbox 1331 1733 1477 1810; x_wconf 78' lang='lat' dir='ltr'>tuissent,</span> <span class='ocrx_word' id='word_1_124' title='bbox 1505 1754 1587 1814; x_wconf 90' lang='lat' dir='ltr'>quae</span> 
     </span>
     <span class='ocr_line' id='line_1_13' title="bbox 246 1847 1587 1933; baseline 0.004 -24"><span class='ocrx_word' id='word_1_125' title='bbox 246 1847 332 1929; x_wconf 88' lang='lat' dir='ltr'>apud</span> <span class='ocrx_word' id='word_1_126' title='bbox 347 1847 483 1911; x_wconf 85' lang='lat' dir='ltr'>Brutum</span> <span class='ocrx_word' id='word_1_127' title='bbox 504 1849 703 1927; x_wconf 81' lang='lat' dir='ltr'>existimatio,</span> <span class='ocrx_word' id='word_1_128' title='bbox 723 1850 874 1914; x_wconf 88' lang='lat' dir='ltr'>damnum</span> <span class='ocrx_word' id='word_1_129' title='bbox 896 1851 1127 1930; x_wconf 86' lang='lat' dir='ltr'>quodammodo</span> <span class='ocrx_word' id='word_1_130' title='bbox 1149 1851 1275 1933; x_wconf 88' lang='lat' dir='ltr'>explere</span> <span class='ocrx_word' id='word_1_131' title='bbox 1292 1859 1468 1914; x_wconf 87' lang='lat' dir='ltr'>conaretur.</span> <span class='ocrx_word' id='word_1_132' title='bbox 1507 1850 1587 1932; x_wconf 84' lang='lat' dir='ltr'>Cog-</span> 
     </span>
     <span class='ocr_line' id='line_1_14' title="bbox 247 1965 1587 2047; baseline 0.004 -20"><span class='ocrx_word' id='word_1_133' title='bbox 247 1966 333 2028; x_wconf 92' lang='lat' dir='ltr'>nosci</span> <span class='ocrx_word' id='word_1_134' title='bbox 367 1972 474 2029; x_wconf 91' lang='lat' dir='ltr'>autem</span> <span class='ocrx_word' id='word_1_135' title='bbox 504 1965 648 2030; x_wconf 78' lang='lat' dir='ltr'>fraudem</span> <span class='ocrx_word' id='word_1_136' title='bbox 684 1988 747 2031; x_wconf 94' lang='lat' dir='ltr'>non</span> <span class='ocrx_word' id='word_1_137' title='bbox 782 1975 849 2032; x_wconf 89' lang='lat' dir='ltr'>tam</span> <span class='ocrx_word' id='word_1_138' title='bbox 882 1976 939 2031; x_wconf 89' lang='lat' dir='ltr'>ant</span> <span class='ocrx_word' id='word_1_139' title='bbox 981 1967 1098 2032; x_wconf 82' lang='lat' dir='ltr'>falsarii</span> <span class='ocrx_word' id='word_1_140' title='bbox 1132 1969 1256 2032; x_wconf 88' lang='lat' dir='ltr'>inscitia</span> <span class='ocrx_word' id='word_1_141' title='bbox 1290 1968 1414 2032; x_wconf 89' lang='lat' dir='ltr'>dicendi</span> <span class='ocrx_word' id='word_1_142' title='bbox 1448 1971 1587 2047; x_wconf 88' lang='lat' dir='ltr'>rationis,</span> 
     </span>
     <span class='ocr_line' id='line_1_15' title="bbox 248 2082 1591 2168; baseline 0.002 -22"><span class='ocrx_word' id='word_1_143' title='bbox 248 2104 311 2163; x_wconf 89' lang='lat' dir='ltr'>qua</span> <span class='ocrx_word' id='word_1_144' title='bbox 333 2082 440 2149; x_wconf 89' lang='lat' dir='ltr'>Cicero</span> <span class='ocrx_word' id='word_1_145' title='bbox 465 2085 498 2147; x_wconf 92' lang='lat' dir='ltr'>in</span> <span class='ocrx_word' id='word_1_146' title='bbox 527 2083 670 2166; x_wconf 88' lang='lat' dir='ltr'>epistulis</span> <span class='ocrx_word' id='word_1_147' title='bbox 698 2105 774 2150; x_wconf 89' lang='lat' dir='ltr'>usus</span> <span class='ocrx_word' id='word_1_148' title='bbox 803 2092 852 2149; x_wconf 88' lang='lat' dir='ltr'>est</span> <span class='ocrx_word' id='word_1_149' title='bbox 875 2123 911 2130; x_wconf 45' lang='grc' dir='ltr'>-ι</span> <span class='ocrx_word' id='word_1_150' title='bbox 943 2107 1136 2166; x_wconf 89' lang='lat' dir='ltr'>quamquam</span> <span class='ocrx_word' id='word_1_151' title='bbox 1158 2086 1293 2149; x_wconf 89' lang='lat' dir='ltr'>Brutum</span> <span class='ocrx_word' id='word_1_152' title='bbox 1322 2107 1451 2168; x_wconf 88' lang='lat' dir='ltr'>prorsus</span> <span class='ocrx_word' id='word_1_153' title='bbox 1480 2087 1591 2150; x_wconf 91' lang='lat' dir='ltr'>eodem</span> 
     </span>
     <span class='ocr_line' id='line_1_16' title="bbox 247 2200 1591 2286; baseline 0.003 -22"><span class='ocrx_word' id='word_1_154' title='bbox 247 2200 340 2264; x_wconf 91' lang='lat' dir='ltr'>modo</span> <span class='ocrx_word' id='word_1_155' title='bbox 361 2201 541 2282; x_wconf 87' lang='lat' dir='ltr'>loquentem</span> <span class='ocrx_word' id='word_1_156' title='bbox 563 2202 639 2266; x_wconf 85' lang='lat' dir='ltr'>facit</span> <span class='ocrx_word' id='word_1_157' title='bbox 663 2243 700 2250; x_wconf 83' lang='lat'>-</span> <span class='ocrx_word' id='word_1_158' title='bbox 724 2211 781 2266; x_wconf 92' lang='lat' dir='ltr'>aut</span> <span class='ocrx_word' id='word_1_159' title='bbox 800 2204 995 2284; x_wconf 83' lang='lat' dir='ltr'>gravioribus</span> <span class='ocrx_word' id='word_1_160' title='bbox 1015 2205 1165 2286; x_wconf 88' lang='lat' dir='ltr'>peccatis,</span> <span class='ocrx_word' id='word_1_161' title='bbox 1193 2220 1274 2284; x_wconf 88' lang='lat' dir='ltr'>quae</span> <span class='ocrx_word' id='word_1_162' title='bbox 1297 2212 1406 2268; x_wconf 88' lang='lat' dir='ltr'>contra</span> <span class='ocrx_word' id='word_1_163' title='bbox 1426 2204 1591 2268; x_wconf 86' lang='lat' dir='ltr'>historiam</span> 
     </span>
     <span class='ocr_line' id='line_1_17' title="bbox 247 2321 1590 2404; baseline 0.001 -22"><span class='ocrx_word' id='word_1_164' title='bbox 247 2327 402 2402; x_wconf 86' lang='lat' dir='ltr'>pugnent,</span> <span class='ocrx_word' id='word_1_165' title='bbox 434 2342 531 2401; x_wconf 89' lang='lat' dir='ltr'>quam</span> <span class='ocrx_word' id='word_1_166' title='bbox 564 2321 730 2386; x_wconf 88' lang='lat' dir='ltr'>manifesto</span> <span class='ocrx_word' id='word_1_167' title='bbox 763 2321 869 2386; x_wconf 89' lang='lat' dir='ltr'>studio</span> <span class='ocrx_word' id='word_1_168' title='bbox 910 2322 1022 2385; x_wconf 84' lang='lat' dir='ltr'>talium</span> <span class='ocrx_word' id='word_1_169' title='bbox 1054 2321 1261 2404; x_wconf 78' lang='lat' dir='ltr'>epistularum</span> <span class='ocrx_word' id='word_1_170' title='bbox 1296 2322 1590 2403; x_wconf 85' lang='lat' dir='ltr'>componendarum,</span> 
     </span>
     <span class='ocr_line' id='line_1_18' title="bbox 248 2438 1590 2521; baseline 0 -19"><span class='ocrx_word' id='word_1_171' title='bbox 248 2438 363 2519; x_wconf 87' lang='lat' dir='ltr'>quibus</span> <span class='ocrx_word' id='word_1_172' title='bbox 390 2438 562 2520; x_wconf 84' lang='lat' dir='ltr'>legentium</span> <span class='ocrx_word' id='word_1_173' title='bbox 587 2461 680 2504; x_wconf 87' lang='lat' dir='ltr'>aures</span> <span class='ocrx_word' id='word_1_174' title='bbox 705 2461 802 2521; x_wconf 87' lang='lat' dir='ltr'>quam</span> <span class='ocrx_word' id='word_1_175' title='bbox 830 2440 966 2504; x_wconf 89' lang='lat' dir='ltr'>maxime</span> <span class='ocrx_word' id='word_1_176' title='bbox 996 2440 1201 2504; x_wconf 87' lang='lat' dir='ltr'>delectentur.</span> <span class='ocrx_word' id='word_1_177' title='bbox 1245 2439 1313 2503; x_wconf 91' lang='lat' dir='ltr'>Hoc</span> <span class='ocrx_word' id='word_1_178' title='bbox 1338 2439 1456 2504; x_wconf 89' lang='lat' dir='ltr'>scilicet</span> <span class='ocrx_word' id='word_1_179' title='bbox 1485 2439 1590 2504; x_wconf 85' lang='lat' dir='ltr'>studio</span> 
     </span>
     <span class='ocr_line' id='line_1_19' title="bbox 248 2557 1591 2637; baseline 0 -18"><span class='ocrx_word' id='word_1_180' title='bbox 248 2557 369 2634; x_wconf 87' lang='lat' dir='ltr'>ductus,</span> <span class='ocrx_word' id='word_1_181' title='bbox 387 2579 454 2621; x_wconf 90' lang='lat' dir='ltr'>rem</span> <span class='ocrx_word' id='word_1_182' title='bbox 475 2558 522 2621; x_wconf 89' lang='lat' dir='ltr'>ita</span> <span class='ocrx_word' id='word_1_183' title='bbox 541 2559 688 2637; x_wconf 90' lang='lat' dir='ltr'>instituit,</span> <span class='ocrx_word' id='word_1_184' title='bbox 710 2567 748 2623; x_wconf 88' lang='lat' dir='ltr'>ut</span> <span class='ocrx_word' id='word_1_185' title='bbox 769 2567 802 2623; x_wconf 90' lang='lat' dir='ltr'>et</span> <span class='ocrx_word' id='word_1_186' title='bbox 817 2558 998 2623; x_wconf 83' lang='lat' dir='ltr'>Ciceronem</span> <span class='ocrx_word' id='word_1_187' title='bbox 1016 2565 1049 2621; x_wconf 92' lang='lat' dir='ltr'>et</span> <span class='ocrx_word' id='word_1_188' title='bbox 1062 2557 1198 2621; x_wconf 88' lang='lat' dir='ltr'>Brutum</span> <span class='ocrx_word' id='word_1_189' title='bbox 1220 2557 1370 2621; x_wconf 89' lang='lat' dir='ltr'>derebus</span> <span class='ocrx_word' id='word_1_190' title='bbox 1392 2558 1433 2621; x_wconf 89' lang='lat' dir='ltr'>ab</span> <span class='ocrx_word' id='word_1_191' title='bbox 1455 2565 1591 2637; x_wconf 88' lang='lat' dir='ltr'>utreque</span> 
     </span>
     <span class='ocr_line' id='line_1_20' title="bbox 248 2674 1590 2757; baseline 0 -19"><span class='ocrx_word' id='word_1_192' title='bbox 248 2677 344 2756; x_wconf 82' lang='lat' dir='ltr'>gestis</span> <span class='ocrx_word' id='word_1_193' title='bbox 370 2684 402 2740; x_wconf 90' lang='lat' dir='ltr'>et</span> <span class='ocrx_word' id='word_1_194' title='bbox 435 2676 668 2756; x_wconf 87' lang='lat' dir='ltr'>quodammodo</span> <span class='ocrx_word' id='word_1_195' title='bbox 696 2677 736 2740; x_wconf 90' lang='lat' dir='ltr'>de</span> <span class='ocrx_word' id='word_1_196' title='bbox 763 2677 840 2740; x_wconf 90' lang='lat' dir='ltr'>locis</span> <span class='ocrx_word' id='word_1_197' title='bbox 867 2674 1084 2740; x_wconf 91' lang='lat' dir='ltr'>communibus</span> <span class='ocrx_word' id='word_1_198' title='bbox 1112 2676 1145 2738; x_wconf 94' lang='lat' dir='ltr'>in</span> <span class='ocrx_word' id='word_1_199' title='bbox 1175 2682 1344 2756; x_wconf 86' lang='lat' dir='ltr'>utramque</span> <span class='ocrx_word' id='word_1_200' title='bbox 1374 2682 1498 2757; x_wconf 89' lang='lat' dir='ltr'>partem</span> <span class='ocrx_word' id='word_1_201' title='bbox 1526 2674 1590 2738; x_wconf 90' lang='lat' dir='ltr'>dis-</span> 
     </span>
     <span class='ocr_line' id='line_1_21' title="bbox 248 2792 1590 2876; baseline 0.001 -22"><span class='ocrx_word' id='word_1_202' title='bbox 248 2800 397 2874; x_wconf 89' lang='lat' dir='ltr'>putantes</span> <span class='ocrx_word' id='word_1_203' title='bbox 423 2793 555 2873; x_wconf 90' lang='lat' dir='ltr'>faceret,</span> <span class='ocrx_word' id='word_1_204' title='bbox 591 2795 682 2876; x_wconf 89' lang='lat' dir='ltr'>quasi</span> <span class='ocrx_word' id='word_1_205' title='bbox 711 2814 784 2858; x_wconf 87' lang='lat' dir='ltr'>vero</span> <span class='ocrx_word' id='word_1_206' title='bbox 812 2801 888 2857; x_wconf 92' lang='lat' dir='ltr'>tuuc</span> <span class='ocrx_word' id='word_1_207' title='bbox 914 2794 1081 2875; x_wconf 88' lang='lat' dir='ltr'>temporis,</span> <span class='ocrx_word' id='word_1_208' title='bbox 1117 2813 1215 2874; x_wconf 92' lang='lat' dir='ltr'>quum</span> <span class='ocrx_word' id='word_1_209' title='bbox 1244 2792 1329 2856; x_wconf 87' lang='lat' dir='ltr'>salus</span> <span class='ocrx_word' id='word_1_210' title='bbox 1364 2795 1409 2856; x_wconf 89' lang='lat' dir='ltr'>rei</span> <span class='ocrx_word' id='word_1_211' title='bbox 1445 2792 1590 2875; x_wconf 89' lang='lat' dir='ltr'>publicae</span> 
     </span>
     <span class='ocr_line' id='line_1_22' title="bbox 250 2910 1590 2989; baseline 0 -15"><span class='ocrx_word' id='word_1_212' title='bbox 250 2931 370 2974; x_wconf 89' lang='lat' dir='ltr'>summo</span> <span class='ocrx_word' id='word_1_213' title='bbox 392 2912 425 2974; x_wconf 90' lang='lat' dir='ltr'>in</span> <span class='ocrx_word' id='word_1_214' title='bbox 446 2911 625 2977; x_wconf 86' lang='lat' dir='ltr'>discrimine</span> <span class='ocrx_word' id='word_1_215' title='bbox 648 2919 725 2989; x_wconf 86' lang='lat' dir='ltr'>erat,</span> <span class='ocrx_word' id='word_1_216' title='bbox 745 2933 782 2975; x_wconf 90' lang='lat' dir='ltr'>eo</span> <span class='ocrx_word' id='word_1_217' title='bbox 802 2913 906 2975; x_wconf 90' lang='lat' dir='ltr'>animo</span> <span class='ocrx_word' id='word_1_218' title='bbox 927 2910 1067 2989; x_wconf 77' lang='lat' dir='ltr'>fuissent,</span> <span class='ocrx_word' id='word_1_219' title='bbox 1088 2919 1125 2975; x_wconf 90' lang='lat' dir='ltr'>ut</span> <span class='ocrx_word' id='word_1_220' title='bbox 1148 2911 1391 2975; x_wconf 88' lang='lat' dir='ltr'>declamationes</span> <span class='ocrx_word' id='word_1_221' title='bbox 1412 2911 1590 2974; x_wconf 87' lang='lat' dir='ltr'>conscribe-</span> 
     </span>
     <span class='ocr_line' id='line_1_23' title="bbox 249 3029 1590 3110; baseline 0.001 -19"><span class='ocrx_word' id='word_1_222' title='bbox 249 3036 334 3106; x_wconf 86' lang='lat' dir='ltr'>rent,</span> <span class='ocrx_word' id='word_1_223' title='bbox 364 3050 444 3109; x_wconf 87' lang='lat' dir='ltr'>quas</span> <span class='ocrx_word' id='word_1_224' title='bbox 465 3052 504 3094; x_wconf 86' lang='lat' dir='ltr'>ex</span> <span class='ocrx_word' id='word_1_225' title='bbox 524 3030 709 3094; x_wconf 88' lang='lat' dir='ltr'>umbraculo</span> <span class='ocrx_word' id='word_1_226' title='bbox 730 3030 856 3110; x_wconf 90' lang='lat' dir='ltr'>otioque</span> <span class='ocrx_word' id='word_1_227' title='bbox 878 3029 1014 3094; x_wconf 88' lang='lat' dir='ltr'>rhetoris</span> <span class='ocrx_word' id='word_1_228' title='bbox 1035 3029 1198 3093; x_wconf 83' lang='lat' dir='ltr'>cuiusdam</span> <span class='ocrx_word' id='word_1_229' title='bbox 1219 3049 1322 3109; x_wconf 89' lang='lat' dir='ltr'>neque</span> <span class='ocrx_word' id='word_1_230' title='bbox 1343 3049 1416 3091; x_wconf 80' lang='lat' dir='ltr'>vero</span> <span class='ocrx_word' id='word_1_231' title='bbox 1437 3049 1456 3092; x_wconf 90' lang='grc'>1</span> <span class='ocrx_word' id='word_1_232' title='bbox 1478 3029 1590 3092; x_wconf 89' lang='lat' dir='ltr'>castris</span> 
     </span>
     <span class='ocr_line' id='line_1_24' title="bbox 250 3147 1590 3230; baseline 0.001 -22"><span class='ocrx_word' id='word_1_233' title='bbox 250 3153 346 3226; x_wconf 89' lang='lat' dir='ltr'>atque</span> <span class='ocrx_word' id='word_1_234' title='bbox 367 3169 384 3210; x_wconf 91' lang='lat' dir='ltr'>e</span> <span class='ocrx_word' id='word_1_235' title='bbox 404 3147 520 3211; x_wconf 90' lang='lat' dir='ltr'>forensi</span> <span class='ocrx_word' id='word_1_236' title='bbox 539 3150 675 3230; x_wconf 88' lang='lat' dir='ltr'>strepitu</span> <span class='ocrx_word' id='word_1_237' title='bbox 696 3147 852 3230; x_wconf 83' lang='lat' dir='ltr'>profectas</span> <span class='ocrx_word' id='word_1_238' title='bbox 873 3168 940 3211; x_wconf 91' lang='lat' dir='ltr'>esse</span> <span class='ocrx_word' id='word_1_239' title='bbox 959 3147 1110 3211; x_wconf 90' lang='lat' dir='ltr'>crederes.</span> <span class='ocrx_word' id='word_1_240' title='bbox 1155 3147 1239 3211; x_wconf 87' lang='lat' dir='ltr'>Satis</span> <span class='ocrx_word' id='word_1_241' title='bbox 1262 3154 1369 3210; x_wconf 89' lang='lat' dir='ltr'>autem</span> <span class='ocrx_word' id='word_1_242' title='bbox 1390 3147 1590 3228; x_wconf 91' lang='lat' dir='ltr'>perspicuum</span> 
     </span>
     <span class='ocr_line' id='line_1_25' title="bbox 250 3264 1592 3348; baseline 0.001 -20"><span class='ocrx_word' id='word_1_243' title='bbox 250 3273 298 3328; x_wconf 88' lang='lat' dir='ltr'>est</span> <span class='ocrx_word' id='word_1_244' title='bbox 318 3266 478 3329; x_wconf 91' lang='lat' dir='ltr'>rhetorem</span> <span class='ocrx_word' id='word_1_245' title='bbox 498 3265 590 3329; x_wconf 90' lang='lat' dir='ltr'>illum</span> <span class='ocrx_word' id='word_1_246' title='bbox 612 3267 670 3330; x_wconf 91' lang='lat' dir='ltr'>sibi</span> <span class='ocrx_word' id='word_1_247' title='bbox 695 3267 901 3348; x_wconf 89' lang='lat' dir='ltr'>proposuisse,</span> <span class='ocrx_word' id='word_1_248' title='bbox 924 3264 1061 3346; x_wconf 88' lang='lat' dir='ltr'>epistula</span> <span class='ocrx_word' id='word_1_249' title='bbox 1088 3272 1120 3326; x_wconf 76' lang='lat' dir='ltr'>la</span> <span class='ocrx_word' id='word_1_250' title='bbox 1138 3265 1362 3329; x_wconf 91' lang='lat' dir='ltr'>dehonoribus</span> <span class='ocrx_word' id='word_1_251' title='bbox 1377 3265 1462 3328; x_wconf 92' lang='lat' dir='ltr'>etde</span> <span class='ocrx_word' id='word_1_252' title='bbox 1483 3265 1592 3346; x_wconf 88' lang='lat' dir='ltr'>poenis</span> 
     </span>
     <span class='ocr_line' id='line_1_26' title="bbox 249 3382 1591 3464; baseline 0 -20"><span class='ocrx_word' id='word_1_253' title='bbox 249 3384 295 3446; x_wconf 90' lang='lat' dir='ltr'>ita</span> <span class='ocrx_word' id='word_1_254' title='bbox 323 3384 488 3461; x_wconf 87' lang='lat' dir='ltr'>disserere,</span> <span class='ocrx_word' id='word_1_255' title='bbox 516 3390 553 3447; x_wconf 87' lang='lat' dir='ltr'>ut</span> <span class='ocrx_word' id='word_1_256' title='bbox 581 3384 674 3448; x_wconf 87' lang='lat' dir='ltr'>simul</span> <span class='ocrx_word' id='word_1_257' title='bbox 697 3383 855 3448; x_wconf 83' lang='lat' dir='ltr'>Ciceronis</span> <span class='ocrx_word' id='word_1_258' title='bbox 881 3383 964 3447; x_wconf 87' lang='lat' dir='ltr'>ratio</span> <span class='ocrx_word' id='word_1_259' title='bbox 992 3388 1226 3461; x_wconf 85' lang='lat' dir='ltr'>excusaretur,²</span> <span class='ocrx_word' id='word_1_260' title='bbox 1257 3382 1394 3464; x_wconf 82' lang='lat' dir='ltr'>epistula</span> <span class='ocrx_word' id='word_1_261' title='bbox 1419 3387 1455 3444; x_wconf 89' lang='grc'>16</span> <span class='ocrx_word' id='word_1_262' title='bbox 1484 3382 1591 3446; x_wconf 87' lang='lat' dir='ltr'>incon-</span> 
     </span>
     <span class='ocr_line' id='line_1_27' title="bbox 249 3499 1590 3583; baseline -0.001 -19"><span class='ocrx_word' id='word_1_263' title='bbox 249 3501 399 3565; x_wconf 88' lang='lat' dir='ltr'>stantiam</span> <span class='ocrx_word' id='word_1_264' title='bbox 436 3500 592 3565; x_wconf 85' lang='lat' dir='ltr'>Ciceronis</span> <span class='ocrx_word' id='word_1_265' title='bbox 628 3523 813 3583; x_wconf 89' lang='lat' dir='ltr'>componere</span> <span class='ocrx_word' id='word_1_266' title='bbox 849 3523 920 3565; x_wconf 92' lang='lat' dir='ltr'>cum</span> <span class='ocrx_word' id='word_1_267' title='bbox 952 3501 1069 3564; x_wconf 81' lang='lat' dir='ltr'>invicto</span> <span class='ocrx_word' id='word_1_268' title='bbox 1095 3501 1188 3565; x_wconf 90' lang='lat' dir='ltr'>Bruti</span> <span class='ocrx_word' id='word_1_269' title='bbox 1222 3501 1342 3577; x_wconf 90' lang='lat' dir='ltr'>animo,</span> <span class='ocrx_word' id='word_1_270' title='bbox 1378 3499 1515 3581; x_wconf 88' lang='lat' dir='ltr'>epistula</span> <span class='ocrx_word' id='word_1_271' title='bbox 1552 3505 1590 3563; x_wconf 79' lang='lat'>17</span> 
     </span>
     <span class='ocr_line' id='line_1_28' title="bbox 250 3616 1591 3701; baseline 0 -20"><span class='ocrx_word' id='word_1_272' title='bbox 250 3617 407 3682; x_wconf 88' lang='lat' dir='ltr'>Ciceronis</span> <span class='ocrx_word' id='word_1_273' title='bbox 446 3620 637 3701; x_wconf 88' lang='lat' dir='ltr'>imperitiam</span> <span class='ocrx_word' id='word_1_274' title='bbox 672 3625 769 3699; x_wconf 83' lang='lat' dir='ltr'>atque</span> <span class='ocrx_word' id='word_1_275' title='bbox 805 3619 1008 3683; x_wconf 88' lang='lat' dir='ltr'>ambitionem</span> <span class='ocrx_word' id='word_1_276' title='bbox 1040 3620 1074 3680; x_wconf 91' lang='lat' dir='ltr'>in</span> <span class='ocrx_word' id='word_1_277' title='bbox 1109 3619 1203 3682; x_wconf 92' lang='lat' dir='ltr'>rebus</span> <span class='ocrx_word' id='word_1_278' title='bbox 1246 3616 1381 3699; x_wconf 89' lang='lat' dir='ltr'>publicis</span> <span class='ocrx_word' id='word_1_279' title='bbox 1415 3618 1591 3681; x_wconf 89' lang='lat' dir='ltr'>tractandis</span> 
     </span>
     <span class='ocr_line' id='line_1_29' title="bbox 248 3734 1027 3818; baseline -0.001 -20"><span class='ocrx_word' id='word_1_280' title='bbox 248 3735 385 3799; x_wconf 90' lang='lat' dir='ltr'>Brutum</span> <span class='ocrx_word' id='word_1_281' title='bbox 406 3737 492 3818; x_wconf 91' lang='lat' dir='ltr'>apud</span> <span class='ocrx_word' id='word_1_282' title='bbox 513 3737 654 3801; x_wconf 86' lang='lat' dir='ltr'>Atticum</span> <span class='ocrx_word' id='word_1_283' title='bbox 675 3741 891 3800; x_wconf 82' lang='lat' dir='ltr'>aceusantem³</span> <span class='ocrx_word' id='word_1_284' title='bbox 917 3734 1027 3800; x_wconf 84' lang='lat' dir='ltr'>facere.</span> 
     </span>
    </p>
   </div>
   <div class='ocr_carea' id='block_1_4' title="bbox 249 3900 1591 4059">
    <p class='ocr_par' dir='ltr' id='par_1_4' title="bbox 249 3900 1591 4059">
     <span class='ocr_line' id='line_1_30' title="bbox 306 3900 1591 3976; baseline -0.004 -16"><span class='ocrx_word' id='word_1_285' title='bbox 306 3911 329 3976; x_wconf 87' lang='lat'>¹)</span> <span class='ocrx_word' id='word_1_286' title='bbox 353 3907 460 3960; x_wconf 82' lang='lat' dir='ltr'>Primae</span> <span class='ocrx_word' id='word_1_287' title='bbox 472 3906 540 3958; x_wconf 90' lang='lat' dir='ltr'>duas</span> <span class='ocrx_word' id='word_1_288' title='bbox 554 3905 739 3973; x_wconf 83' lang='lat' dir='ltr'>paragraphus</span> <span class='ocrx_word' id='word_1_289' title='bbox 752 3903 886 3971; x_wconf 87' lang='lat' dir='ltr'>epistulae</span> <span class='ocrx_word' id='word_1_290' title='bbox 899 3903 919 3956; x_wconf 91' lang='grc' dir='ltr'>Ι.</span> <span class='ocrx_word' id='word_1_291' title='bbox 934 3902 1080 3970; x_wconf 71' lang='grc'><strong>11111111</strong></span> <span class='ocrx_word' id='word_1_292' title='bbox 1093 3901 1218 3954; x_wconf 90' lang='lat' dir='ltr'>absoluta</span> <span class='ocrx_word' id='word_1_293' title='bbox 1230 3900 1350 3968; x_wconf 87' lang='lat' dir='ltr'>epistula</span> <span class='ocrx_word' id='word_1_294' title='bbox 1365 3901 1591 3955; x_wconf 87' lang='lat' dir='ltr'>commendatitia</span> 
     </span>
     <span class='ocr_line' id='line_1_31' title="bbox 249 3988 968 4059; baseline -0.007 -13"><span class='ocrx_word' id='word_1_295' title='bbox 249 3993 377 4059; x_wconf 79' lang='lat' dir='ltr'>efficitur,</span> <span class='ocrx_word' id='word_1_296' title='bbox 394 3992 490 4045; x_wconf 89' lang='lat' dir='ltr'>dubito</span> <span class='ocrx_word' id='word_1_297' title='bbox 508 4007 573 4043; x_wconf 93' lang='lat' dir='ltr'>num</span> <span class='ocrx_word' id='word_1_298' title='bbox 590 4006 623 4043; x_wconf 84' lang='lat' dir='ltr'>ex</span> <span class='ocrx_word' id='word_1_299' title='bbox 640 3988 809 4042; x_wconf 83' lang='grc'><strong>1111111111</strong></span> <span class='ocrx_word' id='word_1_300' title='bbox 826 3989 968 4056; x_wconf 89' lang='lat' dir='ltr'>excipiam.</span> 
     </span>
    </p>
   </div>
   <div class='ocr_carea' id='block_1_5' title="bbox 304 4070 1693 4146">
    <p class='ocr_par' dir='ltr' id='par_1_5' title="bbox 304 4070 1693 4146">
     <span class='ocr_line' id='line_1_32' title="bbox 304 4070 1693 4146; baseline -0.006 -15"><span class='ocrx_word' id='word_1_301' title='bbox 304 4082 329 4143; x_wconf 76' lang='lat'>²)</span> <span class='ocrx_word' id='word_1_302' title='bbox 355 4078 416 4131; x_wconf 89' lang='lat' dir='ltr'>vide</span> <span class='ocrx_word' id='word_1_303' title='bbox 434 4079 512 4130; x_wconf 88' lang='lat' dir='ltr'>modo</span> <span class='ocrx_word' id='word_1_304' title='bbox 532 4076 548 4146; x_wconf 55' lang='grc' dir='ltr'>ᾗ</span> <span class='ocrx_word' id='word_1_305' title='bbox 566 4078 596 4130; x_wconf 86' lang='lat'>3:</span> <span class='ocrx_word' id='word_1_306' title='bbox 620 4074 707 4129; x_wconf 85' lang='lat' dir='ltr'>Venio</span> <span class='ocrx_word' id='word_1_307' title='bbox 725 4090 798 4127; x_wconf 91' lang='lat' dir='ltr'>nunc</span> <span class='ocrx_word' id='word_1_308' title='bbox 815 4075 910 4143; x_wconf 84' lang='lat' dir='ltr'>„longo</span> <span class='ocrx_word' id='word_1_309' title='bbox 928 4089 994 4127; x_wconf 89' lang='lat' dir='ltr'>sane</span> <span class='ocrx_word' id='word_1_310' title='bbox 1012 4073 1173 4127; x_wconf 88' lang='lat' dir='ltr'>intervallo“</span> <span class='ocrx_word' id='word_1_311' title='bbox 1192 4073 1227 4125; x_wconf 89' lang='lat' dir='ltr'>ad</span> <span class='ocrx_word' id='word_1_312' title='bbox 1246 4072 1400 4139; x_wconf 91' lang='lat' dir='ltr'>„quandam</span> <span class='ocrx_word' id='word_1_313' title='bbox 1418 4070 1591 4138; x_wconf 86' lang='lat' dir='ltr'>epistulam,“</span> <span class='ocrx_word' id='word_1_314' title='bbox 1691 4105 1693 4108; x_wconf 93' lang='lat'>-</span> 
     </span>
    </p>
   </div>
   <div class='ocr_carea' id='block_1_6' title="bbox 247 4153 1596 4752">
    <p class='ocr_par' dir='ltr' id='par_1_6' title="bbox 250 4153 1592 4656">
     <span class='ocr_line' id='line_1_33' title="bbox 250 4153 1591 4233; baseline -0.007 -15"><span class='ocrx_word' id='word_1_315' title='bbox 250 4181 303 4233; x_wconf 90' lang='lat' dir='ltr'>qua</span> <span class='ocrx_word' id='word_1_316' title='bbox 327 4165 416 4217; x_wconf 90' lang='lat' dir='ltr'>multa</span> <span class='ocrx_word' id='word_1_317' title='bbox 433 4163 502 4215; x_wconf 91' lang='lat' dir='ltr'>mihi</span> <span class='ocrx_word' id='word_1_318' title='bbox 520 4163 644 4216; x_wconf 88' lang='lat' dir='ltr'>tribuens</span> <span class='ocrx_word' id='word_1_319' title='bbox 661 4177 746 4214; x_wconf 91' lang='lat' dir='ltr'>unum</span> <span class='ocrx_word' id='word_1_320' title='bbox 762 4161 987 4229; x_wconf 88' lang='lat' dir='ltr'>reprehendebas,</span> <span class='ocrx_word' id='word_1_321' title='bbox 1004 4161 1075 4228; x_wconf 91' lang='lat' dir='ltr'>qnod</span> <span class='ocrx_word' id='word_1_322' title='bbox 1095 4159 1124 4211; x_wconf 92' lang='lat' dir='ltr'>in</span> <span class='ocrx_word' id='word_1_323' title='bbox 1144 4153 1291 4210; x_wconf 81' lang='lat' dir='ltr'>hdnoribus</span> <span class='ocrx_word' id='word_1_324' title='bbox 1308 4157 1487 4211; x_wconf 89' lang='lat' dir='ltr'>decernendis</span> <span class='ocrx_word' id='word_1_325' title='bbox 1504 4173 1591 4211; x_wconf 88' lang='lat' dir='ltr'>essem</span> 
     </span>
     <span class='ocr_line' id='line_1_34' title="bbox 250 4242 1591 4316; baseline -0.006 -13"><span class='ocrx_word' id='word_1_326' title='bbox 250 4250 351 4303; x_wconf 88' lang='lat' dir='ltr'>nimius</span> <span class='ocrx_word' id='word_1_327' title='bbox 367 4254 397 4303; x_wconf 90' lang='lat' dir='ltr'>et</span> <span class='ocrx_word' id='word_1_328' title='bbox 414 4254 554 4316; x_wconf 90' lang='lat' dir='ltr'>tamqnam</span> <span class='ocrx_word' id='word_1_329' title='bbox 570 4248 706 4316; x_wconf 82' lang='lat' dir='ltr'>prodigus.</span> <span class='ocrx_word' id='word_1_330' title='bbox 738 4246 753 4315; x_wconf 62' lang='grc' dir='ltr'>ᾗ</span> <span class='ocrx_word' id='word_1_331' title='bbox 773 4248 816 4300; x_wconf 85' lang='grc' dir='ltr'>1οε</span> <span class='ocrx_word' id='word_1_332' title='bbox 835 4245 910 4299; x_wconf 85' lang='lat' dir='ltr'>Satis</span> <span class='ocrx_word' id='word_1_333' title='bbox 923 4247 1011 4300; x_wconf 89' lang='lat' dir='ltr'>multa</span> <span class='ocrx_word' id='word_1_334' title='bbox 1029 4246 1063 4298; x_wconf 89' lang='lat' dir='ltr'>de</span> <span class='ocrx_word' id='word_1_335' title='bbox 1082 4242 1242 4297; x_wconf 88' lang='lat' dir='ltr'>honoribus:</span> <span class='ocrx_word' id='word_1_336' title='bbox 1260 4259 1332 4296; x_wconf 89' lang='lat' dir='ltr'>nunc</span> <span class='ocrx_word' id='word_1_337' title='bbox 1346 4244 1379 4296; x_wconf 91' lang='lat' dir='ltr'>de</span> <span class='ocrx_word' id='word_1_338' title='bbox 1397 4258 1484 4310; x_wconf 88' lang='lat' dir='ltr'>poena</span> <span class='ocrx_word' id='word_1_339' title='bbox 1502 4257 1591 4310; x_wconf 90' lang='lat' dir='ltr'>panca</span> 
     </span>
     <span class='ocr_line' id='line_1_35' title="bbox 250 4329 1591 4404; baseline -0.005 -17"><span class='ocrx_word' id='word_1_340' title='bbox 250 4337 367 4390; x_wconf 89' lang='lat' dir='ltr'>dicenda</span> <span class='ocrx_word' id='word_1_341' title='bbox 387 4341 459 4389; x_wconf 90' lang='lat' dir='ltr'>sunt.</span> <span class='ocrx_word' id='word_1_342' title='bbox 496 4335 512 4404; x_wconf 66' lang='grc' dir='ltr'><strong>ξ</strong></span> <span class='ocrx_word' id='word_1_343' title='bbox 527 4337 566 4388; x_wconf 91' lang='grc'>11.</span> <span class='ocrx_word' id='word_1_344' title='bbox 584 4333 675 4387; x_wconf 86' lang='lat' dir='ltr'>Habes</span> <span class='ocrx_word' id='word_1_345' title='bbox 693 4332 829 4386; x_wconf 89' lang='lat' dir='ltr'>rationem</span> <span class='ocrx_word' id='word_1_346' title='bbox 848 4345 971 4384; x_wconf 88' lang='lat' dir='ltr'>mearum</span> <span class='ocrx_word' id='word_1_347' title='bbox 989 4330 1190 4384; x_wconf 89' lang='lat' dir='ltr'>sententiarum</span> <span class='ocrx_word' id='word_1_348' title='bbox 1208 4330 1241 4382; x_wconf 92' lang='lat' dir='ltr'>de</span> <span class='ocrx_word' id='word_1_349' title='bbox 1260 4330 1316 4381; x_wconf 92' lang='lat' dir='ltr'>hoc·</span> <span class='ocrx_word' id='word_1_350' title='bbox 1328 4344 1425 4395; x_wconf 85' lang='lat' dir='ltr'>genere</span> <span class='ocrx_word' id='word_1_351' title='bbox 1443 4329 1591 4380; x_wconf 85' lang='lat' dir='ltr'>dumtaxat</span> 
     </span>
     <span class='ocr_line' id='line_1_36' title="bbox 250 4411 1591 4490; baseline -0.007 -16"><span class='ocrx_word' id='word_1_352' title='bbox 250 4422 360 4475; x_wconf 88' lang='lat' dir='ltr'>honoris</span> <span class='ocrx_word' id='word_1_353' title='bbox 377 4426 405 4475; x_wconf 91' lang='lat' dir='ltr'>et</span> <span class='ocrx_word' id='word_1_354' title='bbox 423 4436 538 4490; x_wconf 82' lang='lat' dir='ltr'>poenae3</span> <span class='ocrx_word' id='word_1_355' title='bbox 569 4435 647 4486; x_wconf 90' lang='lat' dir='ltr'>nam,</span> <span class='ocrx_word' id='word_1_356' title='bbox 665 4420 699 4472; x_wconf 89' lang='lat' dir='ltr'>de</span> <span class='ocrx_word' id='word_1_357' title='bbox 716 4418 815 4472; x_wconf 88' lang='lat' dir='ltr'>ceteris</span> <span class='ocrx_word' id='word_1_358' title='bbox 831 4417 911 4470; x_wconf 89' lang='lat' dir='ltr'>rebus</span> <span class='ocrx_word' id='word_1_359' title='bbox 931 4416 996 4484; x_wconf 89' lang='lat' dir='ltr'>qnid</span> <span class='ocrx_word' id='word_1_360' title='bbox 1015 4416 1145 4469; x_wconf 87' lang='lat' dir='ltr'>senserim</span> <span class='ocrx_word' id='word_1_361' title='bbox 1163 4414 1280 4482; x_wconf 87' lang='lat' dir='ltr'>quidque</span> <span class='ocrx_word' id='word_1_362' title='bbox 1298 4414 1462 4479; x_wconf 86' lang='lat' dir='ltr'>censuerim,</span> <span class='ocrx_word' id='word_1_363' title='bbox 1481 4411 1591 4464; x_wconf 90' lang='lat' dir='ltr'>audisse</span> 
     </span>
     <span class='ocr_line' id='line_1_37' title="bbox 251 4497 1592 4573; baseline -0.01 -13"><span class='ocrx_word' id='word_1_364' title='bbox 251 4512 280 4560; x_wconf 89' lang='grc'>11</span> <span class='ocrx_word' id='word_1_365' title='bbox 304 4508 430 4562; x_wconf 89' lang='lat' dir='ltr'>arbitror.</span> <span class='ocrx_word' id='word_1_366' title='bbox 464 4507 516 4559; x_wconf 86' lang='lat' dir='ltr'>Sed</span> <span class='ocrx_word' id='word_1_367' title='bbox 540 4507 607 4560; x_wconf 83' lang='lat' dir='ltr'>haec</span> <span class='ocrx_word' id='word_1_368' title='bbox 632 4505 741 4573; x_wconf 90' lang='lat' dir='ltr'>quidem</span> <span class='ocrx_word' id='word_1_369' title='bbox 766 4518 819 4555; x_wconf 93' lang='lat' dir='ltr'>non</span> <span class='ocrx_word' id='word_1_370' title='bbox 837 4503 879 4555; x_wconf 88' lang='lat' dir='ltr'>ita</span> <span class='ocrx_word' id='word_1_371' title='bbox 897 4501 1064 4555; x_wconf 87' lang='lat' dir='ltr'>necessaria:</span> <span class='ocrx_word' id='word_1_372' title='bbox 1093 4501 1161 4553; x_wconf 89' lang='lat' dir='ltr'>illud</span> <span class='ocrx_word' id='word_1_373' title='bbox 1179 4501 1257 4553; x_wconf 89' lang='lat' dir='ltr'>valde</span> <span class='ocrx_word' id='word_1_374' title='bbox 1274 4499 1472 4564; x_wconf 85' lang='lat' dir='ltr'>necessarium,</span> <span class='ocrx_word' id='word_1_375' title='bbox 1497 4497 1592 4562; x_wconf 87' lang='lat' dir='ltr'>Brute,</span> 
     </span>
     <span class='ocr_line' id='line_1_38' title="bbox 252 4587 1098 4656; baseline -0.013 -11"><span class='ocrx_word' id='word_1_376' title='bbox 252 4597 280 4645; x_wconf 89' lang='lat' dir='ltr'>te</span> <span class='ocrx_word' id='word_1_377' title='bbox 298 4588 792 4654; x_wconf 74' lang='grc'><strong>1111111111111111111111111111,</strong></span> <span class='ocrx_word' id='word_1_378' title='bbox 811 4603 891 4656; x_wconf 88' lang='lat' dir='ltr'>quam</span> <span class='ocrx_word' id='word_1_379' title='bbox 909 4587 1034 4654; x_wconf 88' lang='lat' dir='ltr'>primum.</span> <span class='ocrx_word' id='word_1_380' title='bbox 1097 4629 1098 4634; x_wconf 75' lang='grc'><strong>,</strong></span> 
     </span>
    </p>

    <p class='ocr_par' dir='ltr' id='par_1_7' title="bbox 247 4659 1596 4752">
     <span class='ocr_line' id='line_1_39' title="bbox 247 4659 1596 4752; baseline -0.014 -19"><span class='ocrx_word' id='word_1_381' title='bbox 247 4675 249 4679; x_wconf 68' lang='grc'><strong>’</strong></span> <span class='ocrx_word' id='word_1_382' title='bbox 308 4680 331 4746; x_wconf 78' lang='lat'>⁸)</span> <span class='ocrx_word' id='word_1_383' title='bbox 349 4679 382 4733; x_wconf 85' lang='lat' dir='ltr'>cf.</span> <span class='ocrx_word' id='word_1_384' title='bbox 402 4679 417 4750; x_wconf 64' lang='grc' dir='ltr'>ᾗ</span> <span class='ocrx_word' id='word_1_385' title='bbox 436 4684 459 4734; x_wconf 93' lang='lat' dir='ltr'>l.</span> <span class='ocrx_word' id='word_1_386' title='bbox 478 4675 683 4752; x_wconf 34' lang='lat' dir='ltr'>„Scribis&#39;mihi</span> <span class='ocrx_word' id='word_1_387' title='bbox 700 4673 796 4728; x_wconf 88' lang='lat' dir='ltr'>mirari</span> <span class='ocrx_word' id='word_1_388' title='bbox 816 4669 1327 4740; x_wconf 73' lang='grc' dir='ltr'><strong>(111111111111111111111111ςηί1111</strong></span> <span class='ocrx_word' id='word_1_389' title='bbox 1347 4684 1467 4736; x_wconf 90' lang='lat' dir='ltr'>unquam</span> <span class='ocrx_word' id='word_1_390' title='bbox 1483 4665 1518 4715; x_wconf 90' lang='grc'>(11</span> <span class='ocrx_word' id='word_1_391' title='bbox 1537 4659 1596 4711; x_wconf 87' lang='lat' dir='ltr'>suis</span> 
     </span>
    </p>
   </div>
   <div class='ocr_carea' id='block_1_7' title="bbox 1410 4771 1427 4825">
    <p class='ocr_par' dir='ltr' id='par_1_8' title="bbox 1410 4771 1427 4825">
     <span class='ocr_line' id='line_1_40' title="bbox 1410 4771 1427 4825; baseline 0 0"><span class='ocrx_word' id='word_1_392' title='bbox 1410 4771 1427 4825; x_wconf 81' lang='lat'><strong>3</strong></span> 
     </span>
    </p>
   </div>
   <div class='ocr_carea' id='block_1_8' title="bbox 0 0 1801 5266">
    <p class='ocr_par' dir='ltr' id='par_1_9' title="bbox 0 0 1801 5266">
     <span class='ocr_line' id='line_1_41' title="bbox 0 0 1801 5266; baseline 0 0"><span class='ocrx_word' id='word_1_393' title='bbox 0 0 1801 5266; x_wconf 95' lang='lat' dir='ltr'> </span> 
     </span>
    </p>
   </div>
  </div>
 </body>
</html>
