<?xml version="1.0" encoding="UTF-8"?>
<!DOCTYPE html PUBLIC "-//W3C//DTD XHTML 1.0 Transitional//EN"
    "http://www.w3.org/TR/xhtml1/DTD/xhtml1-transitional.dtd">
<html xmlns="http://www.w3.org/1999/xhtml" xml:lang="en" lang="en">
 <head>
  <title>
</title>
<meta http-equiv="Content-Type" content="text/html;charset=utf-8" />
  <meta name='ocr-system' content='tesseract 3.04.00' />
  <meta name='ocr-capabilities' content='ocr_page ocr_carea ocr_par ocr_line ocrx_word'/>
</head>
<body>
  <div class='ocr_page' id='page_1' title='image "./demtulliciceron01gurlgoog_0043.png"; bbox 0 0 3586 5266; ppageno 0'>
   <div class='ocr_carea' id='block_1_1' title="bbox 846 158 886 216">
    <p class='ocr_par' dir='ltr' id='par_1_1' title="bbox 846 158 886 216">
     <span class='ocr_line' id='line_1_1' title="bbox 846 158 886 216; baseline 0 0"><span class='ocrx_word' id='word_1_1' title='bbox 846 158 886 216; x_wconf 83' lang='lat'>36</span> 
     </span>
    </p>
   </div>
   <div class='ocr_carea' id='block_1_2' title="bbox 763 241 964 250">
    <p class='ocr_par' dir='ltr' id='par_1_2' title="bbox 763 241 964 250">
     <span class='ocr_line' id='line_1_2' title="bbox 763 241 964 250; baseline 0 -2"><span class='ocrx_word' id='word_1_2' title='bbox 763 241 810 249; x_wconf 72' lang='grc'><em>...-</em></span> <span class='ocrx_word' id='word_1_3' title='bbox 813 242 964 250; x_wconf 41' lang='grc' dir='ltr'>-.ψ-..ᾐ-</span> 
     </span>
    </p>
   </div>
   <div class='ocr_carea' id='block_1_3' title="bbox 296 418 1655 500">
    <p class='ocr_par' dir='ltr' id='par_1_3' title="bbox 296 418 1655 500">
     <span class='ocr_line' id='line_1_3' title="bbox 296 418 1655 500; baseline 0.001 -20"><span class='ocrx_word' id='word_1_4' title='bbox 296 418 446 499; x_wconf 83' lang='lat' dir='ltr'>Reliquas</span> <span class='ocrx_word' id='word_1_5' title='bbox 477 418 641 500; x_wconf 73' lang='lat' dir='ltr'>epistulas,</span> <span class='ocrx_word' id='word_1_6' title='bbox 676 419 715 482; x_wconf 89' lang='lat' dir='ltr'>de</span> <span class='ocrx_word' id='word_1_7' title='bbox 743 419 874 500; x_wconf 79' lang='lat' dir='ltr'>quibus‘</span> <span class='ocrx_word' id='word_1_8' title='bbox 889 421 1057 484; x_wconf 88' lang='lat' dir='ltr'>memoriae</span> <span class='ocrx_word' id='word_1_9' title='bbox 1086 418 1241 482; x_wconf 88' lang='lat' dir='ltr'>traditum</span> <span class='ocrx_word' id='word_1_10' title='bbox 1270 426 1332 496; x_wconf 86' lang='lat' dir='ltr'>est,</span> <span class='ocrx_word' id='word_1_11' title='bbox 1368 419 1539 499; x_wconf 78' lang='lat' dir='ltr'>singularia</span> <span class='ocrx_word' id='word_1_12' title='bbox 1650 449 1655 459; x_wconf 64' lang='grc'>’</span> 
     </span>
    </p>
   </div>
   <div class='ocr_carea' id='block_1_4' title="bbox 192 536 1538 737">
    <p class='ocr_par' dir='ltr' id='par_1_4' title="bbox 192 536 1538 737">
     <span class='ocr_line' id='line_1_4' title="bbox 192 536 1538 620; baseline -0.001 -20"><span class='ocrx_word' id='word_1_13' title='bbox 192 558 325 618; x_wconf 88' lang='lat' dir='ltr'>corpora</span> <span class='ocrx_word' id='word_1_14' title='bbox 346 536 485 601; x_wconf 75' lang='lat' dir='ltr'>effecisse</span> <span class='ocrx_word' id='word_1_15' title='bbox 505 537 703 618; x_wconf 80' lang='lat' dir='ltr'>cognoscitur</span> <span class='ocrx_word' id='word_1_16' title='bbox 724 559 763 601; x_wconf 84' lang='lat' dir='ltr'>ex</span> <span class='ocrx_word' id='word_1_17' title='bbox 785 560 829 617; x_wconf 84' lang='lat' dir='ltr'>ea,</span> <span class='ocrx_word' id='word_1_18' title='bbox 853 559 917 618; x_wconf 90' lang='lat' dir='ltr'>qua</span> <span class='ocrx_word' id='word_1_19' title='bbox 939 538 1024 620; x_wconf 90' lang='lat' dir='ltr'>apud</span> <span class='ocrx_word' id='word_1_20' title='bbox 1045 537 1193 616; x_wconf 90' lang='lat' dir='ltr'>antiquos</span> <span class='ocrx_word' id='word_1_21' title='bbox 1215 537 1385 619; x_wconf 77' lang='lat' dir='ltr'>scriptores</span> <span class='ocrx_word' id='word_1_22' title='bbox 1401 537 1538 601; x_wconf 85' lang='lat' dir='ltr'>afferun-</span> 
     </span>
     <span class='ocr_line' id='line_1_5' title="bbox 192 654 1538 737; baseline -0.001 -18"><span class='ocrx_word' id='word_1_23' title='bbox 192 664 254 732; x_wconf 91' lang='lat' dir='ltr'>tur,</span> <span class='ocrx_word' id='word_1_24' title='bbox 278 656 407 732; x_wconf 87' lang='lat' dir='ltr'>ratione,</span> <span class='ocrx_word' id='word_1_25' title='bbox 428 675 530 735; x_wconf 86' lang='lat' dir='ltr'>neque</span> <span class='ocrx_word' id='word_1_26' title='bbox 545 675 617 718; x_wconf 89' lang='lat' dir='ltr'>vero</span> <span class='ocrx_word' id='word_1_27' title='bbox 635 662 691 718; x_wconf 90' lang='lat' dir='ltr'>aut</span> <span class='ocrx_word' id='word_1_28' title='bbox 708 662 786 735; x_wconf 93' lang='lat' dir='ltr'>quot</span> <span class='ocrx_word' id='word_1_29' title='bbox 802 655 997 737; x_wconf 87' lang='lat' dir='ltr'>singularum</span> <span class='ocrx_word' id='word_1_30' title='bbox 1016 654 1097 731; x_wconf 91' lang='lat' dir='ltr'>libri,</span> <span class='ocrx_word' id='word_1_31' title='bbox 1119 662 1176 718; x_wconf 88' lang='lat' dir='ltr'>ant</span> <span class='ocrx_word' id='word_1_32' title='bbox 1193 655 1350 735; x_wconf 91' lang='lat' dir='ltr'>quomodo</span> <span class='ocrx_word' id='word_1_33' title='bbox 1368 655 1538 737; x_wconf 85' lang='lat' dir='ltr'>dispositae</span> 
     </span>
    </p>
   </div>
   <div class='ocr_carea' id='block_1_5' title="bbox 192 747 1538 855">
    <p class='ocr_par' dir='ltr' id='par_1_5' title="bbox 192 747 1538 855">
     <span class='ocr_line' id='line_1_6' title="bbox 192 747 1538 855; baseline -0.001 -20"><span class='ocrx_word' id='word_1_34' title='bbox 192 773 316 849; x_wconf 79' lang='lat' dir='ltr'>fuerint,</span> <span class='ocrx_word' id='word_1_35' title='bbox 339 794 396 854; x_wconf 88' lang='lat' dir='ltr'>per</span> <span class='ocrx_word' id='word_1_36' title='bbox 419 794 452 836; x_wconf 90' lang='lat' dir='ltr'>se</span> <span class='ocrx_word' id='word_1_37' title='bbox 473 772 670 854; x_wconf 80' lang='lat' dir='ltr'>intelligitur.</span> <span class='ocrx_word' id='word_1_38' title='bbox 709 773 756 837; x_wconf 88' lang='lat' dir='ltr'>De</span> <span class='ocrx_word' id='word_1_39' title='bbox 771 781 907 855; x_wconf 85' lang='lat' dir='ltr'>utroquo</span> <span class='ocrx_word' id='word_1_40' title='bbox 921 795 985 837; x_wconf 90' lang='lat' dir='ltr'>una</span> <span class='ocrx_word' id='word_1_41' title='bbox 999 772 1168 835; x_wconf 84' lang='lat' dir='ltr'>videndum</span> <span class='ocrx_word' id='word_1_42' title='bbox 1183 781 1240 836; x_wconf 88' lang='lat' dir='ltr'>est.</span> <span class='ocrx_word' id='word_1_43' title='bbox 1277 771 1386 854; x_wconf 88' lang='lat' dir='ltr'>Neque</span> <span class='ocrx_word' id='word_1_44' title='bbox 1406 747 1538 836; x_wconf 87' lang='lat' dir='ltr'>eandem</span> 
     </span>
    </p>
   </div>
   <div class='ocr_carea' id='block_1_6' title="bbox 192 889 1539 1562">
    <p class='ocr_par' dir='ltr' id='par_1_6' title="bbox 192 889 1539 1562">
     <span class='ocr_line' id='line_1_7' title="bbox 193 889 1537 973; baseline -0.001 -19"><span class='ocrx_word' id='word_1_45' title='bbox 193 890 338 954; x_wconf 89' lang='lat' dir='ltr'>omnibus</span> <span class='ocrx_word' id='word_1_46' title='bbox 359 889 422 954; x_wconf 91' lang='lat' dir='ltr'>illis</span> <span class='ocrx_word' id='word_1_47' title='bbox 444 891 628 972; x_wconf 85' lang='lat' dir='ltr'>corporibus</span> <span class='ocrx_word' id='word_1_48' title='bbox 651 891 784 956; x_wconf 85' lang='lat' dir='ltr'>formam</span> <span class='ocrx_word' id='word_1_49' title='bbox 805 891 901 956; x_wconf 85' lang='lat' dir='ltr'>fuisse</span> <span class='ocrx_word' id='word_1_50' title='bbox 923 891 1074 973; x_wconf 88' lang='lat' dir='ltr'>exemplis</span> <span class='ocrx_word' id='word_1_51' title='bbox 1097 890 1304 972; x_wconf 80' lang='lat' dir='ltr'>epistularum</span> <span class='ocrx_word' id='word_1_52' title='bbox 1325 889 1367 953; x_wconf 90' lang='lat' dir='ltr'>ad</span> <span class='ocrx_word' id='word_1_53' title='bbox 1385 889 1537 966; x_wconf 83' lang='lat' dir='ltr'>Quintum</span> 
     </span>
     <span class='ocr_line' id='line_1_8' title="bbox 193 1008 1536 1088; baseline -0.001 -18"><span class='ocrx_word' id='word_1_54' title='bbox 193 1008 323 1072; x_wconf 83' lang='lat' dir='ltr'>fratrem</span> <span class='ocrx_word' id='word_1_55' title='bbox 353 1015 385 1070; x_wconf 90' lang='lat' dir='ltr'>et</span> <span class='ocrx_word' id='word_1_56' title='bbox 413 1008 455 1071; x_wconf 91' lang='lat' dir='ltr'>ad</span> <span class='ocrx_word' id='word_1_57' title='bbox 484 1008 526 1071; x_wconf 93' lang='lat' dir='ltr'>M.</span> <span class='ocrx_word' id='word_1_58' title='bbox 549 1008 685 1072; x_wconf 86' lang='lat' dir='ltr'>Brutum</span> <span class='ocrx_word' id='word_1_59' title='bbox 713 1011 870 1074; x_wconf 89' lang='lat' dir='ltr'>docemur.</span> <span class='ocrx_word' id='word_1_60' title='bbox 912 1010 994 1074; x_wconf 88' lang='lat' dir='ltr'>Nam</span> <span class='ocrx_word' id='word_1_61' title='bbox 1022 1009 1150 1072; x_wconf 91' lang='lat' dir='ltr'>illarum</span> <span class='ocrx_word' id='word_1_62' title='bbox 1178 1009 1219 1071; x_wconf 89' lang='lat' dir='ltr'>ab</span> <span class='ocrx_word' id='word_1_63' title='bbox 1248 1014 1536 1088; x_wconf 69' lang='lat' dir='ltr'>cunctatusque</span> 
     </span>
     <span class='ocr_line' id='line_1_9' title="bbox 192 1124 1535 1208; baseline -0.001 -18"><span class='ocrx_word' id='word_1_64' title='bbox 192 1127 234 1190; x_wconf 89' lang='lat' dir='ltr'>ad</span> <span class='ocrx_word' id='word_1_65' title='bbox 255 1147 372 1190; x_wconf 90' lang='lat' dir='ltr'>annum</span> <span class='ocrx_word' id='word_1_66' title='bbox 397 1131 456 1189; x_wconf 88' lang='grc'><strong>7011</strong></span> <span class='ocrx_word' id='word_1_67' title='bbox 480 1128 705 1208; x_wconf 86' lang='lat' dir='ltr'>pertinentium</span> <span class='ocrx_word' id='word_1_68' title='bbox 720 1137 800 1193; x_wconf 87' lang='lat' dir='ltr'>tres¹</span> <span class='ocrx_word' id='word_1_69' title='bbox 820 1129 894 1192; x_wconf 91' lang='lat' dir='ltr'>libri</span> <span class='ocrx_word' id='word_1_70' title='bbox 911 1135 992 1205; x_wconf 86' lang='lat' dir='ltr'>sunt,</span> <span class='ocrx_word' id='word_1_71' title='bbox 1014 1129 1047 1190; x_wconf 90' lang='lat' dir='ltr'>in</span> <span class='ocrx_word' id='word_1_72' title='bbox 1069 1147 1149 1208; x_wconf 90' lang='lat' dir='ltr'>quos</span> <span class='ocrx_word' id='word_1_73' title='bbox 1167 1126 1260 1192; x_wconf 86' lang='lat' dir='ltr'>unius</span> <span class='ocrx_word' id='word_1_74' title='bbox 1275 1124 1358 1188; x_wconf 90' lang='lat' dir='ltr'>Tulli</span> <span class='ocrx_word' id='word_1_75' title='bbox 1382 1126 1535 1207; x_wconf 88' lang='lat' dir='ltr'>epistulae</span> 
     </span>
     <span class='ocr_line' id='line_1_10' title="bbox 192 1244 1536 1330; baseline -0.002 -22"><span class='ocrx_word' id='word_1_76' title='bbox 192 1251 288 1325; x_wconf 89' lang='lat' dir='ltr'>atque</span> <span class='ocrx_word' id='word_1_77' title='bbox 317 1244 378 1307; x_wconf 90' lang='lat' dir='ltr'>hae</span> <span class='ocrx_word' id='word_1_78' title='bbox 414 1244 542 1324; x_wconf 92' lang='lat' dir='ltr'>quidem</span> <span class='ocrx_word' id='word_1_79' title='bbox 569 1267 625 1310; x_wconf 87' lang='lat' dir='ltr'>suo</span> <span class='ocrx_word' id='word_1_80' title='bbox 654 1248 762 1310; x_wconf 89' lang='lat' dir='ltr'>ordine</span> <span class='ocrx_word' id='word_1_81' title='bbox 790 1254 935 1330; x_wconf 80' lang='lat' dir='ltr'>receptae</span> <span class='ocrx_word' id='word_1_82' title='bbox 963 1254 1054 1323; x_wconf 86' lang='lat' dir='ltr'>sunt3</span> <span class='ocrx_word' id='word_1_83' title='bbox 1092 1245 1207 1308; x_wconf 88' lang='lat' dir='ltr'>harum</span> <span class='ocrx_word' id='word_1_84' title='bbox 1234 1265 1345 1309; x_wconf 87' lang='lat' dir='ltr'>novem</span> <span class='ocrx_word' id='word_1_85' title='bbox 1374 1245 1536 1306; x_wconf 92' lang='lat' dir='ltr'>minimum</span> 
     </span>
     <span class='ocr_line' id='line_1_11' title="bbox 193 1361 1539 1445; baseline 0 -20"><span class='ocrx_word' id='word_1_86' title='bbox 193 1363 291 1427; x_wconf 88' lang='lat' dir='ltr'>libros</span> <span class='ocrx_word' id='word_1_87' title='bbox 312 1363 406 1426; x_wconf 83' lang='lat' dir='ltr'>firisse</span> <span class='ocrx_word' id='word_1_88' title='bbox 428 1361 549 1428; x_wconf 89' lang='lat' dir='ltr'>Nouius</span> <span class='ocrx_word' id='word_1_89' title='bbox 569 1369 660 1445; x_wconf 87' lang='lat' dir='ltr'>(pag.</span> <span class='ocrx_word' id='word_1_90' title='bbox 684 1370 755 1435; x_wconf 74' lang='lat'>421.</span> <span class='ocrx_word' id='word_1_91' title='bbox 780 1370 832 1445; x_wconf 74' lang='grc'>19)</span> <span class='ocrx_word' id='word_1_92' title='bbox 855 1367 946 1429; x_wconf 91' lang='lat' dir='ltr'>testis</span> <span class='ocrx_word' id='word_1_93' title='bbox 967 1371 1028 1442; x_wconf 89' lang='lat' dir='ltr'>est,</span> <span class='ocrx_word' id='word_1_94' title='bbox 1054 1384 1187 1444; x_wconf 90' lang='lat' dir='ltr'>quorum</span> <span class='ocrx_word' id='word_1_95' title='bbox 1210 1362 1365 1444; x_wconf 89' lang='lat' dir='ltr'>quosdam</span> <span class='ocrx_word' id='word_1_96' title='bbox 1387 1361 1539 1444; x_wconf 85' lang='lat' dir='ltr'>epistulas</span> 
     </span>
     <span class='ocr_line' id='line_1_12' title="bbox 193 1479 1539 1562; baseline -0.001 -18"><span class='ocrx_word' id='word_1_97' title='bbox 193 1482 346 1544; x_wconf 89' lang='lat' dir='ltr'>mensium</span> <span class='ocrx_word' id='word_1_98' title='bbox 374 1479 446 1558; x_wconf 92' lang='lat' dir='ltr'>Mai,</span> <span class='ocrx_word' id='word_1_99' title='bbox 482 1479 561 1558; x_wconf 90' lang='lat' dir='ltr'>Iuni,</span> <span class='ocrx_word' id='word_1_100' title='bbox 597 1481 763 1558; x_wconf 84' lang='lat' dir='ltr'>Quinctilis</span> <span class='ocrx_word' id='word_1_101' title='bbox 784 1485 859 1546; x_wconf 90' lang='lat' dir='ltr'>anni</span> <span class='ocrx_word' id='word_1_102' title='bbox 885 1489 938 1546; x_wconf 96' lang='grc'>711</span> <span class='ocrx_word' id='word_1_103' title='bbox 969 1484 1164 1546; x_wconf 87' lang='lat' dir='ltr'>continentes</span> <span class='ocrx_word' id='word_1_104' title='bbox 1185 1482 1231 1544; x_wconf 88' lang='lat' dir='ltr'>ita</span> <span class='ocrx_word' id='word_1_105' title='bbox 1253 1488 1452 1562; x_wconf 87' lang='lat' dir='ltr'>comparatas</span> <span class='ocrx_word' id='word_1_106' title='bbox 1472 1500 1539 1543; x_wconf 90' lang='lat' dir='ltr'>esse</span> 
     </span>
    </p>
   </div>
   <div class='ocr_carea' id='block_1_7' title="bbox 193 1598 1636 1680">
    <p class='ocr_par' dir='ltr' id='par_1_7' title="bbox 193 1598 1636 1680">
     <span class='ocr_line' id='line_1_13' title="bbox 193 1598 1636 1680; baseline 0.001 -20"><span class='ocrx_word' id='word_1_107' title='bbox 193 1599 343 1676; x_wconf 87' lang='lat' dir='ltr'>vidimus,</span> <span class='ocrx_word' id='word_1_108' title='bbox 374 1606 411 1662; x_wconf 90' lang='lat' dir='ltr'>nt</span> <span class='ocrx_word' id='word_1_109' title='bbox 439 1599 593 1680; x_wconf 84' lang='lat' dir='ltr'>epistulae</span> <span class='ocrx_word' id='word_1_110' title='bbox 621 1621 641 1663; x_wconf 90' lang='lat' dir='ltr'>a</span> <span class='ocrx_word' id='word_1_111' title='bbox 663 1598 811 1664; x_wconf 82' lang='lat' dir='ltr'>Cicerone</span> <span class='ocrx_word' id='word_1_112' title='bbox 834 1609 866 1665; x_wconf 88' lang='lat' dir='ltr'>et</span> <span class='ocrx_word' id='word_1_113' title='bbox 888 1624 908 1665; x_wconf 92' lang='grc'>1</span> <span class='ocrx_word' id='word_1_114' title='bbox 929 1601 1030 1665; x_wconf 90' lang='lat' dir='ltr'>Bruto</span> <span class='ocrx_word' id='word_1_115' title='bbox 1052 1601 1146 1664; x_wconf 92' lang='lat' dir='ltr'>datae</span> <span class='ocrx_word' id='word_1_116' title='bbox 1175 1599 1259 1662; x_wconf 91' lang='lat' dir='ltr'>locos</span> <span class='ocrx_word' id='word_1_117' title='bbox 1281 1598 1346 1662; x_wconf 87' lang='lat' dir='ltr'>fere</span> <span class='ocrx_word' id='word_1_118' title='bbox 1368 1599 1536 1662; x_wconf 86' lang='lat' dir='ltr'>alternent.</span> <span class='ocrx_word' id='word_1_119' title='bbox 1630 1607 1636 1614; x_wconf 82' lang='lat'><em>&#39;</em></span> 
     </span>
    </p>
   </div>
   <div class='ocr_carea' id='block_1_8' title="bbox 193 1715 1541 3806">
    <p class='ocr_par' dir='ltr' id='par_1_8' title="bbox 193 1715 1541 3806">
     <span class='ocr_line' id='line_1_14' title="bbox 195 1715 1538 1799; baseline 0 -20"><span class='ocrx_word' id='word_1_120' title='bbox 195 1716 350 1792; x_wconf 85' lang='lat' dir='ltr'>Quoniam</span> <span class='ocrx_word' id='word_1_121' title='bbox 380 1737 452 1781; x_wconf 88' lang='lat' dir='ltr'>vero</span> <span class='ocrx_word' id='word_1_122' title='bbox 482 1718 569 1781; x_wconf 90' lang='lat' dir='ltr'>locus</span> <span class='ocrx_word' id='word_1_123' title='bbox 591 1717 658 1795; x_wconf 90' lang='lat' dir='ltr'>ille,</span> <span class='ocrx_word' id='word_1_124' title='bbox 689 1739 783 1799; x_wconf 90' lang='lat' dir='ltr'>quem</span> <span class='ocrx_word' id='word_1_125' title='bbox 804 1717 925 1784; x_wconf 90' lang='lat' dir='ltr'>Nouius</span> <span class='ocrx_word' id='word_1_126' title='bbox 953 1726 990 1782; x_wconf 89' lang='lat' dir='ltr'>ut</span> <span class='ocrx_word' id='word_1_127' title='bbox 1012 1740 1050 1782; x_wconf 88' lang='lat' dir='ltr'>ex</span> <span class='ocrx_word' id='word_1_128' title='bbox 1072 1717 1154 1781; x_wconf 89' lang='lat' dir='ltr'>libro</span> <span class='ocrx_word' id='word_1_129' title='bbox 1176 1739 1258 1780; x_wconf 91' lang='lat' dir='ltr'>nono</span> <span class='ocrx_word' id='word_1_130' title='bbox 1280 1718 1415 1798; x_wconf 90' lang='lat' dir='ltr'>petitum</span> <span class='ocrx_word' id='word_1_131' title='bbox 1436 1715 1538 1793; x_wconf 86' lang='lat' dir='ltr'>affert,</span> 
     </span>
     <span class='ocr_line' id='line_1_15' title="bbox 193 1833 1539 1919; baseline -0.001 -21"><span class='ocrx_word' id='word_1_132' title='bbox 193 1837 226 1898; x_wconf 93' lang='lat' dir='ltr'>in</span> <span class='ocrx_word' id='word_1_133' title='bbox 248 1856 285 1898; x_wconf 91' lang='lat' dir='ltr'>eo</span> <span class='ocrx_word' id='word_1_134' title='bbox 304 1834 386 1899; x_wconf 95' lang='lat' dir='ltr'>libro</span> <span class='ocrx_word' id='word_1_135' title='bbox 406 1836 531 1917; x_wconf 89' lang='lat' dir='ltr'>legitur,</span> <span class='ocrx_word' id='word_1_136' title='bbox 549 1837 603 1917; x_wconf 91' lang='lat' dir='ltr'>qui</span> <span class='ocrx_word' id='word_1_137' title='bbox 625 1857 708 1900; x_wconf 90' lang='lat' dir='ltr'>nune</span> <span class='ocrx_word' id='word_1_138' title='bbox 730 1838 851 1919; x_wconf 92' lang='lat' dir='ltr'>primus</span> <span class='ocrx_word' id='word_1_139' title='bbox 866 1845 922 1914; x_wconf 88' lang='lat' dir='ltr'>est,</span> <span class='ocrx_word' id='word_1_140' title='bbox 945 1844 977 1900; x_wconf 91' lang='lat' dir='ltr'>et</span> <span class='ocrx_word' id='word_1_141' title='bbox 994 1856 1093 1916; x_wconf 89' lang='lat' dir='ltr'>quum</span> <span class='ocrx_word' id='word_1_142' title='bbox 1109 1835 1193 1898; x_wconf 90' lang='lat' dir='ltr'>hunc</span> <span class='ocrx_word' id='word_1_143' title='bbox 1210 1842 1368 1899; x_wconf 86' lang='lat' dir='ltr'>extremas</span> <span class='ocrx_word' id='word_1_144' title='bbox 1385 1833 1539 1916; x_wconf 86' lang='lat' dir='ltr'>epistulas</span> 
     </span>
     <span class='ocr_line' id='line_1_16' title="bbox 194 1952 1539 2036; baseline -0.001 -21"><span class='ocrx_word' id='word_1_145' title='bbox 194 1953 344 2016; x_wconf 88' lang='lat' dir='ltr'>Brutinas</span> <span class='ocrx_word' id='word_1_146' title='bbox 365 1955 525 2018; x_wconf 89' lang='lat' dir='ltr'>continere</span> <span class='ocrx_word' id='word_1_147' title='bbox 546 1956 792 2036; x_wconf 83' lang='lat' dir='ltr'>cognoverimus,</span> <span class='ocrx_word' id='word_1_148' title='bbox 819 1954 937 2018; x_wconf 93' lang='lat' dir='ltr'>librum</span> <span class='ocrx_word' id='word_1_149' title='bbox 958 1975 1077 2016; x_wconf 89' lang='lat' dir='ltr'>nonum</span> <span class='ocrx_word' id='word_1_150' title='bbox 1099 1959 1276 2016; x_wconf 87' lang='lat' dir='ltr'>extremum</span> <span class='ocrx_word' id='word_1_151' title='bbox 1298 1955 1432 2016; x_wconf 90' lang='lat' dir='ltr'>eundem</span> <span class='ocrx_word' id='word_1_152' title='bbox 1454 1952 1539 2015; x_wconf 87' lang='lat' dir='ltr'>illius</span> 
     </span>
     <span class='ocr_line' id='line_1_17' title="bbox 195 2070 1538 2155; baseline -0.003 -20"><span class='ocrx_word' id='word_1_153' title='bbox 195 2072 334 2154; x_wconf 86' lang='lat' dir='ltr'>corporis</span> <span class='ocrx_word' id='word_1_154' title='bbox 360 2071 455 2136; x_wconf 75' lang='lat' dir='ltr'>trisse</span> <span class='ocrx_word' id='word_1_155' title='bbox 485 2094 542 2155; x_wconf 93' lang='lat' dir='ltr'>pro</span> <span class='ocrx_word' id='word_1_156' title='bbox 574 2080 659 2136; x_wconf 89' lang='lat' dir='ltr'>certo</span> <span class='ocrx_word' id='word_1_157' title='bbox 687 2072 849 2138; x_wconf 91' lang='lat' dir='ltr'>habemus.</span> <span class='ocrx_word' id='word_1_158' title='bbox 892 2072 1007 2134; x_wconf 89' lang='lat' dir='ltr'>Mirum</span> <span class='ocrx_word' id='word_1_159' title='bbox 1037 2078 1143 2134; x_wconf 90' lang='lat' dir='ltr'>autem</span> <span class='ocrx_word' id='word_1_160' title='bbox 1170 2070 1299 2146; x_wconf 88' lang='lat' dir='ltr'>accidit,</span> <span class='ocrx_word' id='word_1_161' title='bbox 1329 2070 1415 2150; x_wconf 89' lang='lat' dir='ltr'>quod</span> <span class='ocrx_word' id='word_1_162' title='bbox 1445 2078 1477 2132; x_wconf 92' lang='lat' dir='ltr'>et</span> <span class='ocrx_word' id='word_1_163' title='bbox 1505 2071 1538 2132; x_wconf 93' lang='lat' dir='ltr'>in</span> 
     </span>
     <span class='ocr_line' id='line_1_18' title="bbox 194 2188 1536 2282; baseline -0.001 -30"><span class='ocrx_word' id='word_1_164' title='bbox 194 2190 284 2254; x_wconf 91' lang='lat' dir='ltr'>libris</span> <span class='ocrx_word' id='word_1_165' title='bbox 320 2189 548 2272; x_wconf 74' lang='grc'><strong>11101111111111</strong></span> <span class='ocrx_word' id='word_1_166' title='bbox 583 2196 715 2275; x_wconf 74' lang='lat' dir='ltr'>fratrem</span> <span class='ocrx_word' id='word_1_167' title='bbox 750 2199 782 2255; x_wconf 90' lang='lat' dir='ltr'>et</span> <span class='ocrx_word' id='word_1_168' title='bbox 813 2192 847 2254; x_wconf 91' lang='lat' dir='ltr'>in</span> <span class='ocrx_word' id='word_1_169' title='bbox 877 2190 1020 2268; x_wconf 87' lang='lat' dir='ltr'>Brutinis</span> <span class='ocrx_word' id='word_1_170' title='bbox 1051 2188 1133 2252; x_wconf 87' lang='lat' dir='ltr'>foliis</span> <span class='ocrx_word' id='word_1_171' title='bbox 1163 2189 1327 2282; x_wconf 87' lang='lat' dir='ltr'>archetypi</span> <span class='ocrx_word' id='word_1_172' title='bbox 1362 2188 1476 2251; x_wconf 90' lang='lat' dir='ltr'>codicis</span> <span class='ocrx_word' id='word_1_173' title='bbox 1505 2188 1536 2250; x_wconf 93' lang='lat' dir='ltr'>in</span> 
     </span>
     <span class='ocr_line' id='line_1_19' title="bbox 194 2305 1539 2400; baseline -0.003 -29"><span class='ocrx_word' id='word_1_174' title='bbox 194 2308 332 2371; x_wconf 87' lang='lat' dir='ltr'>alienum</span> <span class='ocrx_word' id='word_1_175' title='bbox 353 2307 457 2371; x_wconf 90' lang='lat' dir='ltr'>locum</span> <span class='ocrx_word' id='word_1_176' title='bbox 478 2308 592 2372; x_wconf 85' lang='lat' dir='ltr'>delatis</span> <span class='ocrx_word' id='word_1_177' title='bbox 614 2311 766 2391; x_wconf 89' lang='lat' dir='ltr'>pristinus</span> <span class='ocrx_word' id='word_1_178' title='bbox 788 2309 996 2400; x_wconf 76' lang='lat' dir='ltr'>epistularum</span> <span class='ocrx_word' id='word_1_179' title='bbox 1014 2308 1091 2371; x_wconf 88' lang='lat' dir='ltr'>ordo</span> <span class='ocrx_word' id='word_1_180' title='bbox 1109 2307 1192 2371; x_wconf 91' lang='lat' dir='ltr'>male</span> <span class='ocrx_word' id='word_1_181' title='bbox 1211 2307 1360 2370; x_wconf 88' lang='lat' dir='ltr'>turbatus</span> <span class='ocrx_word' id='word_1_182' title='bbox 1375 2313 1430 2383; x_wconf 91' lang='lat' dir='ltr'>est,</span> <span class='ocrx_word' id='word_1_183' title='bbox 1453 2305 1539 2386; x_wconf 91' lang='lat' dir='ltr'>quod</span> 
     </span>
     <span class='ocr_line' id='line_1_20' title="bbox 194 2405 1538 2504; baseline -0.002 -16"><span class='ocrx_word' id='word_1_184' title='bbox 194 2427 305 2488; x_wconf 87' lang='lat' dir='ltr'>vitium</span> <span class='ocrx_word' id='word_1_185' title='bbox 333 2433 365 2489; x_wconf 90' lang='lat' dir='ltr'>et</span> <span class='ocrx_word' id='word_1_186' title='bbox 387 2425 571 2488; x_wconf 88' lang='lat' dir='ltr'>Theodorus</span> <span class='ocrx_word' id='word_1_187' title='bbox 592 2424 783 2489; x_wconf 82' lang='lat' dir='ltr'>Mommsen²</span> <span class='ocrx_word' id='word_1_188' title='bbox 804 2411 840 2490; x_wconf 61' lang='lat' dir='ltr'>¹et</span> <span class='ocrx_word' id='word_1_189' title='bbox 872 2425 1003 2490; x_wconf 86' lang='lat' dir='ltr'>Carolus</span> <span class='ocrx_word' id='word_1_190' title='bbox 1025 2405 1085 2488; x_wconf 78' lang='lat' dir='ltr'>Fr.</span> <span class='ocrx_word' id='word_1_191' title='bbox 1106 2425 1337 2502; x_wconf 72' lang='grc' dir='ltr'>Η11111111111111,3</span> <span class='ocrx_word' id='word_1_192' title='bbox 1371 2445 1434 2504; x_wconf 91' lang='lat' dir='ltr'>quo</span> <span class='ocrx_word' id='word_1_193' title='bbox 1464 2430 1538 2487; x_wconf 91' lang='lat' dir='ltr'>sunt</span> 
     </span>
     <span class='ocr_line' id='line_1_21' title="bbox 194 2541 1538 2625; baseline -0.002 -19"><span class='ocrx_word' id='word_1_194' title='bbox 194 2544 308 2606; x_wconf 88' lang='lat' dir='ltr'>mentis</span> <span class='ocrx_word' id='word_1_195' title='bbox 336 2544 494 2620; x_wconf 84' lang='lat' dir='ltr'>acumine,</span> <span class='ocrx_word' id='word_1_196' title='bbox 522 2551 750 2625; x_wconf 86' lang='lat' dir='ltr'>perspexerunt</span> <span class='ocrx_word' id='word_1_197' title='bbox 774 2552 806 2607; x_wconf 88' lang='lat' dir='ltr'>et</span> <span class='ocrx_word' id='word_1_198' title='bbox 836 2551 1046 2609; x_wconf 88' lang='lat' dir='ltr'>removerunt.</span> <span class='ocrx_word' id='word_1_199' title='bbox 1091 2545 1197 2624; x_wconf 88' lang='lat' dir='ltr'>Atque</span> <span class='ocrx_word' id='word_1_200' title='bbox 1225 2563 1340 2625; x_wconf 87' lang='lat' dir='ltr'>pauca,</span> <span class='ocrx_word' id='word_1_201' title='bbox 1378 2563 1459 2624; x_wconf 90' lang='lat' dir='ltr'>quae</span> <span class='ocrx_word' id='word_1_202' title='bbox 1487 2541 1538 2603; x_wconf 92' lang='lat' dir='ltr'>hic</span> 
     </span>
     <span class='ocr_line' id='line_1_22' title="bbox 195 2660 1539 2743; baseline -0.003 -18"><span class='ocrx_word' id='word_1_203' title='bbox 195 2662 321 2742; x_wconf 90' lang='lat' dir='ltr'>quidem</span> <span class='ocrx_word' id='word_1_204' title='bbox 341 2660 525 2743; x_wconf 81' lang='lat' dir='ltr'>imperfecta</span> <span class='ocrx_word' id='word_1_205' title='bbox 546 2661 688 2742; x_wconf 86' lang='lat' dir='ltr'>reliquit,</span> <span class='ocrx_word' id='word_1_206' title='bbox 712 2661 905 2727; x_wconf 84' lang='lat' dir='ltr'>Schmidtius</span> <span class='ocrx_word' id='word_1_207' title='bbox 927 2662 1077 2738; x_wconf 84' lang='lat' dir='ltr'>correxit,</span> <span class='ocrx_word' id='word_1_208' title='bbox 1108 2682 1242 2742; x_wconf 88' lang='lat' dir='ltr'>eumque</span> <span class='ocrx_word' id='word_1_209' title='bbox 1265 2661 1406 2723; x_wconf 88' lang='lat' dir='ltr'>ordinem</span> <span class='ocrx_word' id='word_1_210' title='bbox 1429 2661 1461 2722; x_wconf 90' lang='lat' dir='ltr'>in</span> <span class='ocrx_word' id='word_1_211' title='bbox 1484 2680 1539 2722; x_wconf 88' lang='lat' dir='ltr'>ex-</span> 
     </span>
     <span class='ocr_line' id='line_1_23' title="bbox 194 2778 1539 2862; baseline -0.004 -18"><span class='ocrx_word' id='word_1_212' title='bbox 194 2788 295 2844; x_wconf 88' lang='lat' dir='ltr'>tremo</span> <span class='ocrx_word' id='word_1_213' title='bbox 317 2800 374 2844; x_wconf 90' lang='lat' dir='ltr'>suo</span> <span class='ocrx_word' id='word_1_214' title='bbox 394 2778 501 2843; x_wconf 89' lang='lat' dir='ltr'>libello</span> <span class='ocrx_word' id='word_1_215' title='bbox 524 2781 688 2844; x_wconf 88' lang='lat' dir='ltr'>constituit</span> <span class='ocrx_word' id='word_1_216' title='bbox 712 2788 801 2862; x_wconf 78' lang='lat' dir='ltr'>(pag.</span> <span class='ocrx_word' id='word_1_217' title='bbox 821 2787 881 2858; x_wconf 91' lang='grc'><strong>55),</strong></span> <span class='ocrx_word' id='word_1_218' title='bbox 903 2801 997 2861; x_wconf 89' lang='lat' dir='ltr'>quem</span> <span class='ocrx_word' id='word_1_219' title='bbox 1019 2781 1191 2844; x_wconf 88' lang='lat' dir='ltr'>maximam</span> <span class='ocrx_word' id='word_1_220' title='bbox 1212 2779 1255 2842; x_wconf 90' lang='lat' dir='ltr'>ad</span> <span class='ocrx_word' id='word_1_221' title='bbox 1274 2786 1399 2860; x_wconf 84' lang='lat' dir='ltr'>partem</span> <span class='ocrx_word' id='word_1_222' title='bbox 1421 2778 1539 2860; x_wconf 85' lang='lat' dir='ltr'>poteris</span> 
     </span>
     <span class='ocr_line' id='line_1_24' title="bbox 194 2897 1539 2980; baseline -0.003 -20"><span class='ocrx_word' id='word_1_223' title='bbox 194 2919 323 2980; x_wconf 86' lang='lat' dir='ltr'>prorsus</span> <span class='ocrx_word' id='word_1_224' title='bbox 356 2897 541 2979; x_wconf 89' lang='lat' dir='ltr'>approbare.</span> <span class='ocrx_word' id='word_1_225' title='bbox 591 2898 687 2962; x_wconf 85' lang='lat' dir='ltr'>Cuius</span> <span class='ocrx_word' id='word_1_226' title='bbox 718 2900 989 2962; x_wconf 88' lang='lat' dir='ltr'>ratiocinationem</span> <span class='ocrx_word' id='word_1_227' title='bbox 1020 2899 1046 2962; x_wconf 91' lang='lat' dir='ltr'>si</span> <span class='ocrx_word' id='word_1_228' title='bbox 1077 2900 1250 2978; x_wconf 88' lang='lat' dir='ltr'>sequimur,</span> <span class='ocrx_word' id='word_1_229' title='bbox 1288 2897 1435 2961; x_wconf 80' lang='lat' dir='ltr'>ridentur</span> <span class='ocrx_word' id='word_1_230' title='bbox 1464 2916 1539 2958; x_wconf 89' lang='lat' dir='ltr'>sane</span> 
     </span>
     <span class='ocr_line' id='line_1_25' title="bbox 195 3013 1538 3098; baseline -0.003 -20"><span class='ocrx_word' id='word_1_231' title='bbox 195 3017 296 3097; x_wconf 89' lang='lat' dir='ltr'>primo</span> <span class='ocrx_word' id='word_1_232' title='bbox 325 3015 453 3095; x_wconf 88' lang='lat' dir='ltr'>quidem</span> <span class='ocrx_word' id='word_1_233' title='bbox 480 3015 594 3079; x_wconf 91' lang='lat' dir='ltr'>obtutu</span> <span class='ocrx_word' id='word_1_234' title='bbox 625 3017 690 3079; x_wconf 91' lang='lat' dir='ltr'>sine</span> <span class='ocrx_word' id='word_1_235' title='bbox 710 3018 833 3080; x_wconf 89' lang='lat' dir='ltr'>ratione</span> <span class='ocrx_word' id='word_1_236' title='bbox 855 3017 1026 3098; x_wconf 86' lang='lat' dir='ltr'>dispositae</span> <span class='ocrx_word' id='word_1_237' title='bbox 1047 3037 1115 3080; x_wconf 88' lang='lat' dir='ltr'>esse</span> <span class='ocrx_word' id='word_1_238' title='bbox 1135 3015 1303 3097; x_wconf 88' lang='lat' dir='ltr'>epistulae,</span> <span class='ocrx_word' id='word_1_239' title='bbox 1333 3035 1483 3095; x_wconf 87' lang='lat' dir='ltr'>quarum,</span> <span class='ocrx_word' id='word_1_240' title='bbox 1512 3013 1538 3075; x_wconf 90' lang='lat' dir='ltr'>si</span> 
     </span>
     <span class='ocr_line' id='line_1_26' title="bbox 195 3133 1538 3214; baseline -0.003 -19"><span class='ocrx_word' id='word_1_241' title='bbox 195 3133 237 3196; x_wconf 92' lang='lat' dir='ltr'>ad</span> <span class='ocrx_word' id='word_1_242' title='bbox 266 3139 389 3214; x_wconf 86' lang='lat' dir='ltr'>tempus</span> <span class='ocrx_word' id='word_1_243' title='bbox 411 3134 607 3214; x_wconf 88' lang='lat' dir='ltr'>respicimus,</span> <span class='ocrx_word' id='word_1_244' title='bbox 637 3134 689 3197; x_wconf 92' lang='lat' dir='ltr'>hic</span> <span class='ocrx_word' id='word_1_245' title='bbox 710 3135 787 3198; x_wconf 91' lang='lat' dir='ltr'>ordo</span> <span class='ocrx_word' id='word_1_246' title='bbox 807 3134 917 3198; x_wconf 91' lang='lat' dir='ltr'>debuit</span> <span class='ocrx_word' id='word_1_247' title='bbox 939 3156 1022 3199; x_wconf 86' lang='lat' dir='ltr'>esse:</span> <span class='ocrx_word' id='word_1_248' title='bbox 1058 3134 1097 3212; x_wconf 91' lang='grc' dir='ltr'>Π,</span> <span class='ocrx_word' id='word_1_249' title='bbox 1132 3138 1274 3197; x_wconf 72' lang='grc'>5113.4</span> <span class='ocrx_word' id='word_1_250' title='bbox 1306 3141 1329 3194; x_wconf 93' lang='grc'>1.</span> <span class='ocrx_word' id='word_1_251' title='bbox 1352 3137 1381 3194; x_wconf 71' lang='lat' dir='ltr'>i.</span> <span class='ocrx_word' id='word_1_252' title='bbox 1405 3139 1433 3194; x_wconf 90' lang='lat'>4.</span> <span class='ocrx_word' id='word_1_253' title='bbox 1458 3137 1486 3193; x_wconf 87' lang='grc'>6.</span> <span class='ocrx_word' id='word_1_254' title='bbox 1510 3135 1538 3192; x_wconf 89' lang='grc'>7.</span> 
     </span>
     <span class='ocr_line' id='line_1_27' title="bbox 195 3248 1539 3333; baseline -0.003 -21"><span class='ocrx_word' id='word_1_255' title='bbox 195 3250 219 3327; x_wconf 86' lang='grc'>1,</span> <span class='ocrx_word' id='word_1_256' title='bbox 257 3257 279 3312; x_wconf 93' lang='grc'>1.</span> <span class='ocrx_word' id='word_1_257' title='bbox 313 3255 341 3311; x_wconf 83' lang='grc'>3.</span> <span class='ocrx_word' id='word_1_258' title='bbox 373 3250 489 3313; x_wconf 67' lang='grc'><strong>3111.</strong></span> <span class='ocrx_word' id='word_1_259' title='bbox 521 3257 549 3313; x_wconf 83' lang='lat' dir='ltr'>a</span> <span class='ocrx_word' id='word_1_260' title='bbox 575 3259 604 3314; x_wconf 85' lang='lat'>4.</span> <span class='ocrx_word' id='word_1_261' title='bbox 636 3252 1345 3333; x_wconf 69' lang='grc'><strong>11111111).111111111113.</strong></span> <span class='ocrx_word' id='word_1_262' title='bbox 1390 3248 1539 3310; x_wconf 74' lang='lat' dir='ltr'>atamen</span> 
     </span>
     <span class='ocr_line' id='line_1_28' title="bbox 196 3362 1538 3450; baseline -0.004 -21"><span class='ocrx_word' id='word_1_263' title='bbox 196 3367 260 3431; x_wconf 82' lang='lat' dir='ltr'>fere</span> <span class='ocrx_word' id='word_1_264' title='bbox 282 3368 387 3431; x_wconf 90' lang='lat' dir='ltr'>omnia</span> <span class='ocrx_word' id='word_1_265' title='bbox 408 3369 525 3450; x_wconf 89' lang='lat' dir='ltr'>optime</span> <span class='ocrx_word' id='word_1_266' title='bbox 553 3391 586 3433; x_wconf 92' lang='lat' dir='ltr'>se</span> <span class='ocrx_word' id='word_1_267' title='bbox 617 3369 750 3447; x_wconf 88' lang='lat' dir='ltr'>habent,</span> <span class='ocrx_word' id='word_1_268' title='bbox 781 3370 998 3450; x_wconf 85' lang='lat' dir='ltr'>Schmidtique</span> <span class='ocrx_word' id='word_1_269' title='bbox 1024 3370 1178 3432; x_wconf 89' lang='lat' dir='ltr'>rationem</span> <span class='ocrx_word' id='word_1_270' title='bbox 1205 3367 1322 3430; x_wconf 89' lang='lat' dir='ltr'>mirum</span> <span class='ocrx_word' id='word_1_271' title='bbox 1350 3367 1383 3427; x_wconf 93' lang='lat' dir='ltr'>in</span> <span class='ocrx_word' id='word_1_272' title='bbox 1410 3362 1538 3426; x_wconf 91' lang='lat' dir='ltr'>modum</span> 
     </span>
     <span class='ocr_line' id='line_1_29' title="bbox 196 3467 1540 3569; baseline -0.005 -19"><span class='ocrx_word' id='word_1_273' title='bbox 196 3485 411 3567; x_wconf 90' lang='lat' dir='ltr'>comprobant.</span> <span class='ocrx_word' id='word_1_274' title='bbox 459 3487 586 3551; x_wconf 89' lang='lat' dir='ltr'>Etenim</span> <span class='ocrx_word' id='word_1_275' title='bbox 614 3489 640 3551; x_wconf 92' lang='lat' dir='ltr'>si</span> <span class='ocrx_word' id='word_1_276' title='bbox 668 3489 852 3569; x_wconf 88' lang='lat' dir='ltr'>respicimus</span> <span class='ocrx_word' id='word_1_277' title='bbox 881 3489 1037 3564; x_wconf 88' lang='lat' dir='ltr'>ordinem,</span> <span class='ocrx_word' id='word_1_278' title='bbox 1067 3508 1130 3568; x_wconf 89' lang='lat' dir='ltr'>quo</span> <span class='ocrx_word' id='word_1_279' title='bbox 1159 3485 1313 3568; x_wconf 89' lang='lat' dir='ltr'>epistulae</span> <span class='ocrx_word' id='word_1_280' title='bbox 1341 3467 1363 3547; x_wconf 85' lang='lat' dir='ltr'>a</span> <span class='ocrx_word' id='word_1_281' title='bbox 1392 3481 1540 3545; x_wconf 84' lang='lat' dir='ltr'>Cicerone</span> 
     </span>
     <span class='ocr_line' id='line_1_30' title="bbox 196 3602 1540 3688; baseline -0.004 -22"><span class='ocrx_word' id='word_1_282' title='bbox 196 3604 290 3667; x_wconf 88' lang='lat' dir='ltr'>datae</span> <span class='ocrx_word' id='word_1_283' title='bbox 312 3604 391 3680; x_wconf 86' lang='lat' dir='ltr'>sint,</span> <span class='ocrx_word' id='word_1_284' title='bbox 420 3606 464 3669; x_wconf 92' lang='lat' dir='ltr'>sic</span> <span class='ocrx_word' id='word_1_285' title='bbox 486 3626 553 3670; x_wconf 90' lang='lat' dir='ltr'>sese</span> <span class='ocrx_word' id='word_1_286' title='bbox 574 3605 749 3688; x_wconf 85' lang='lat' dir='ltr'>excipiunt:</span> <span class='ocrx_word' id='word_1_287' title='bbox 787 3605 826 3684; x_wconf 86' lang='lat' dir='ltr'>IL</span> <span class='ocrx_word' id='word_1_288' title='bbox 860 3613 884 3669; x_wconf 95' lang='grc'>1.</span> <span class='ocrx_word' id='word_1_289' title='bbox 908 3615 937 3669; x_wconf 86' lang='grc'>4.</span> <span class='ocrx_word' id='word_1_290' title='bbox 962 3617 990 3670; x_wconf 83' lang='grc'>6.</span> <span class='ocrx_word' id='word_1_291' title='bbox 1016 3611 1043 3668; x_wconf 97' lang='grc'>7.</span> <span class='ocrx_word' id='word_1_292' title='bbox 1080 3605 1103 3684; x_wconf 87' lang='lat' dir='ltr'>l,</span> <span class='ocrx_word' id='word_1_293' title='bbox 1133 3610 1161 3667; x_wconf 87' lang='lat'>3.</span> <span class='ocrx_word' id='word_1_294' title='bbox 1187 3605 1230 3688; x_wconf 77' lang='lat'><strong>3¹³.</strong></span> <span class='ocrx_word' id='word_1_295' title='bbox 1254 3611 1282 3667; x_wconf 92' lang='grc'>5.</span> <span class='ocrx_word' id='word_1_296' title='bbox 1308 3609 1336 3666; x_wconf 82' lang='lat'><strong>2.</strong></span> <span class='ocrx_word' id='word_1_297' title='bbox 1361 3607 1378 3664; x_wconf 88' lang='grc'><strong>8</strong></span> <span class='ocrx_word' id='word_1_298' title='bbox 1404 3602 1466 3680; x_wconf 80' lang='grc'><strong>(7).</strong></span> <span class='ocrx_word' id='word_1_299' title='bbox 1494 3604 1540 3662; x_wconf 88' lang='grc'><strong>111.</strong></span> 
     </span>
     <span class='ocr_line' id='line_1_31' title="bbox 198 3720 1541 3806; baseline 0.007 -22"><span class='ocrx_word' id='word_1_300' title='bbox 198 3722 302 3801; x_wconf 78' lang='grc'><strong>911).</strong></span> <span class='ocrx_word' id='word_1_301' title='bbox 331 3727 376 3799; x_wconf 75' lang='grc'><strong>1.),</strong></span> <span class='ocrx_word' id='word_1_302' title='bbox 413 3743 475 3803; x_wconf 93' lang='lat' dir='ltr'>quo</span> <span class='ocrx_word' id='word_1_303' title='bbox 504 3724 613 3789; x_wconf 90' lang='lat' dir='ltr'>ordine</span> <span class='ocrx_word' id='word_1_304' title='bbox 640 3731 794 3806; x_wconf 90' lang='lat' dir='ltr'>acceptae,</span> <span class='ocrx_word' id='word_1_305' title='bbox 816 3725 876 3788; x_wconf 86' lang='lat' dir='ltr'>sic:</span> <span class='ocrx_word' id='word_1_306' title='bbox 916 3724 1103 3800; x_wconf 69' lang='grc'><strong>1151113.</strong></span> <span class='ocrx_word' id='word_1_307' title='bbox 1140 3721 1265 3798; x_wconf 77' lang='lat' dir='ltr'><strong>L46.</strong></span> <span class='ocrx_word' id='word_1_308' title='bbox 1291 3726 1307 3784; x_wconf 97' lang='grc'>7</span> <span class='ocrx_word' id='word_1_309' title='bbox 1334 3720 1394 3799; x_wconf 75' lang='lat' dir='ltr'><strong>(l).</strong></span> <span class='ocrx_word' id='word_1_310' title='bbox 1425 3722 1541 3793; x_wconf 84' lang='lat'><strong>11.13,</strong></span> 
     </span>
    </p>
   </div>
   <div class='ocr_carea' id='block_1_9' title="bbox 257 3915 1542 3991">
    <p class='ocr_par' dir='ltr' id='par_1_9' title="bbox 257 3915 1542 3991">
     <span class='ocr_line' id='line_1_32' title="bbox 257 3915 1542 3991; baseline -0.003 -16"><span class='ocrx_word' id='word_1_311' title='bbox 257 3925 279 3991; x_wconf 84' lang='grc' dir='ltr'>Ι)</span> <span class='ocrx_word' id='word_1_312' title='bbox 304 3924 398 3976; x_wconf 92' lang='lat' dir='ltr'>Plures</span> <span class='ocrx_word' id='word_1_313' title='bbox 422 3940 541 3991; x_wconf 85' lang='lat' dir='ltr'>unquam</span> <span class='ocrx_word' id='word_1_314' title='bbox 564 3924 655 3977; x_wconf 83' lang='lat' dir='ltr'>editas</span> <span class='ocrx_word' id='word_1_315' title='bbox 679 3924 764 3978; x_wconf 87' lang='lat' dir='ltr'>fnisse</span> <span class='ocrx_word' id='word_1_316' title='bbox 788 3916 972 3978; x_wconf 73' lang='lat' dir='ltr'>normannum</span> <span class='ocrx_word' id='word_1_317' title='bbox 997 3924 1130 3989; x_wconf 82' lang='lat' dir='ltr'>(Ausgew.</span> <span class='ocrx_word' id='word_1_318' title='bbox 1148 3920 1239 3974; x_wconf 88' lang='lat' dir='ltr'>Briefe</span> <span class='ocrx_word' id='word_1_319' title='bbox 1262 3919 1283 3971; x_wconf 91' lang='lat' dir='ltr'><strong>I.</strong></span> <span class='ocrx_word' id='word_1_320' title='bbox 1307 3935 1368 3986; x_wconf 82' lang='lat' dir='ltr'>pag.</span> <span class='ocrx_word' id='word_1_321' title='bbox 1387 3917 1458 3984; x_wconf 91' lang='lat' dir='ltr'><strong>VII.)</strong></span> <span class='ocrx_word' id='word_1_322' title='bbox 1482 3915 1542 3970; x_wconf 91' lang='lat' dir='ltr'>iure</span> 
     </span>
    </p>
   </div>
   <div class='ocr_carea' id='block_1_10' title="bbox 123 4020 421 4076">
    <p class='ocr_par' dir='ltr' id='par_1_10' title="bbox 123 4020 421 4076">
     <span class='ocr_line' id='line_1_33' title="bbox 123 4020 421 4076; baseline 0.003 -15"><span class='ocrx_word' id='word_1_323' title='bbox 123 4020 125 4024; x_wconf 83' lang='lat'>·</span> <span class='ocrx_word' id='word_1_324' title='bbox 199 4024 300 4076; x_wconf 83' lang='lat' dir='ltr'>negare</span> <span class='ocrx_word' id='word_1_325' title='bbox 317 4025 421 4064; x_wconf 86' lang='lat' dir='ltr'>censeo.</span> 
     </span>
    </p>
   </div>
   <div class='ocr_carea' id='block_1_11' title="bbox 252 4108 1414 4283">
    <p class='ocr_par' dir='ltr' id='par_1_11' title="bbox 252 4108 1414 4283">
     <span class='ocr_line' id='line_1_34' title="bbox 252 4108 1262 4179; baseline -0.006 -15"><span class='ocrx_word' id='word_1_326' title='bbox 252 4114 276 4179; x_wconf 64' lang='grc'>1)</span> <span class='ocrx_word' id='word_1_327' title='bbox 300 4112 434 4166; x_wconf 89' lang='lat' dir='ltr'>Zeitschr.</span> <span class='ocrx_word' id='word_1_328' title='bbox 451 4112 469 4165; x_wconf 88' lang='lat' dir='ltr'><strong>f.</strong></span> <span class='ocrx_word' id='word_1_329' title='bbox 488 4111 644 4165; x_wconf 86' lang='lat' dir='ltr'>Ait-Wiss.</span> <span class='ocrx_word' id='word_1_330' title='bbox 665 4115 739 4168; x_wconf 92' lang='grc'><strong>1844.</strong></span> <span class='ocrx_word' id='word_1_331' title='bbox 758 4112 806 4165; x_wconf 89' lang='lat' dir='ltr'>Nr.</span> <span class='ocrx_word' id='word_1_332' title='bbox 825 4114 859 4167; x_wconf 90' lang='grc'>75</span> <span class='ocrx_word' id='word_1_333' title='bbox 877 4127 932 4178; x_wconf 89' lang='lat' dir='ltr'>sqq.</span> <span class='ocrx_word' id='word_1_334' title='bbox 953 4114 982 4163; x_wconf 91' lang='lat' dir='ltr'>et</span> <span class='ocrx_word' id='word_1_335' title='bbox 999 4111 1066 4166; x_wconf 87' lang='grc'><strong>1845</strong></span> <span class='ocrx_word' id='word_1_336' title='bbox 1085 4108 1132 4161; x_wconf 89' lang='lat' dir='ltr'>Nr.</span> <span class='ocrx_word' id='word_1_337' title='bbox 1153 4109 1188 4162; x_wconf 87' lang='lat'>98</span> <span class='ocrx_word' id='word_1_338' title='bbox 1206 4123 1262 4174; x_wconf 88' lang='lat' dir='ltr'>sqq.</span> 
     </span>
     <span class='ocr_line' id='line_1_35' title="bbox 253 4210 1414 4283; baseline -0.007 -15"><span class='ocrx_word' id='word_1_339' title='bbox 253 4212 276 4283; x_wconf 78' lang='lat'>⁸)</span> <span class='ocrx_word' id='word_1_340' title='bbox 299 4217 435 4268; x_wconf 83' lang='lat' dir='ltr'>Abhandl.</span> <span class='ocrx_word' id='word_1_341' title='bbox 453 4217 502 4268; x_wconf 90' lang='lat' dir='ltr'>der</span> <span class='ocrx_word' id='word_1_342' title='bbox 523 4215 669 4283; x_wconf 75' lang='lat' dir='ltr'>Gottiuger</span> <span class='ocrx_word' id='word_1_343' title='bbox 686 4216 830 4269; x_wconf 89' lang='lat' dir='ltr'>Gesellsch.</span> <span class='ocrx_word' id='word_1_344' title='bbox 849 4215 874 4266; x_wconf 89' lang='lat' dir='ltr'>d.</span> <span class='ocrx_word' id='word_1_345' title='bbox 893 4213 1058 4266; x_wconf 87' lang='lat' dir='ltr'>Wissensch.</span> <span class='ocrx_word' id='word_1_346' title='bbox 1081 4213 1153 4266; x_wconf 89' lang='grc'><strong>1847.</strong></span> <span class='ocrx_word' id='word_1_347' title='bbox 1172 4225 1233 4278; x_wconf 84' lang='lat' dir='ltr'>pag.</span> <span class='ocrx_word' id='word_1_348' title='bbox 1253 4210 1301 4262; x_wconf 89' lang='grc'><strong>167</strong></span> <span class='ocrx_word' id='word_1_349' title='bbox 1316 4239 1342 4246; x_wconf 80' lang='lat'><em>-</em></span> <span class='ocrx_word' id='word_1_350' title='bbox 1358 4210 1414 4263; x_wconf 84' lang='lat'><strong>169.</strong></span> 
     </span>
    </p>
   </div>
   <div class='ocr_carea' id='block_1_12' title="bbox 199 4311 1542 4472">
    <p class='ocr_par' dir='ltr' id='par_1_12' title="bbox 199 4311 1542 4472">
     <span class='ocr_line' id='line_1_36' title="bbox 253 4311 1542 4386; baseline -0.008 -14"><span class='ocrx_word' id='word_1_351' title='bbox 253 4321 276 4386; x_wconf 87' lang='lat'>⁴)</span> <span class='ocrx_word' id='word_1_352' title='bbox 299 4319 349 4386; x_wconf 89' lang='lat' dir='ltr'>Ep.</span> <span class='ocrx_word' id='word_1_353' title='bbox 369 4319 403 4372; x_wconf 91' lang='lat' dir='ltr'><strong>II.</strong></span> <span class='ocrx_word' id='word_1_354' title='bbox 420 4320 437 4372; x_wconf 84' lang='lat'>3</span> <span class='ocrx_word' id='word_1_355' title='bbox 457 4335 518 4371; x_wconf 90' lang='lat' dir='ltr'>cum</span> <span class='ocrx_word' id='word_1_356' title='bbox 534 4334 575 4386; x_wconf 88' lang='lat' dir='ltr'>ep.</span> <span class='ocrx_word' id='word_1_357' title='bbox 593 4320 610 4372; x_wconf 80' lang='lat'>5</span> <span class='ocrx_word' id='word_1_358' title='bbox 627 4318 759 4372; x_wconf 89' lang='lat' dir='ltr'>eiusmodi</span> <span class='ocrx_word' id='word_1_359' title='bbox 770 4316 967 4383; x_wconf 65' lang='lat' dir='ltr'>&#39;coniungenda</span> <span class='ocrx_word' id='word_1_360' title='bbox 983 4319 1033 4381; x_wconf 89' lang='lat' dir='ltr'>est,</span> <span class='ocrx_word' id='word_1_361' title='bbox 1049 4317 1081 4366; x_wconf 94' lang='lat' dir='ltr'>ut</span> <span class='ocrx_word' id='word_1_362' title='bbox 1098 4330 1139 4381; x_wconf 91' lang='lat' dir='ltr'>ep.</span> <span class='ocrx_word' id='word_1_363' title='bbox 1157 4315 1174 4367; x_wconf 78' lang='grc'>1)</span> <span class='ocrx_word' id='word_1_364' title='bbox 1193 4327 1277 4378; x_wconf 88' lang='lat' dir='ltr'>usque</span> <span class='ocrx_word' id='word_1_365' title='bbox 1298 4311 1333 4364; x_wconf 84' lang='lat' dir='ltr'>ad</span> <span class='ocrx_word' id='word_1_366' title='bbox 1351 4311 1449 4364; x_wconf 85' lang='lat' dir='ltr'>verba:</span> <span class='ocrx_word' id='word_1_367' title='bbox 1476 4311 1542 4377; x_wconf 84' lang='lat' dir='ltr'>„hoc</span> 
     </span>
     <span class='ocr_line' id='line_1_37' title="bbox 199 4395 1377 4472; baseline -0.008 -14"><span class='ocrx_word' id='word_1_368' title='bbox 199 4403 287 4471; x_wconf 84' lang='lat' dir='ltr'>magis</span> <span class='ocrx_word' id='word_1_369' title='bbox 304 4405 382 4457; x_wconf 88' lang='lat' dir='ltr'>doleo</span> <span class='ocrx_word' id='word_1_370' title='bbox 402 4403 498 4457; x_wconf 83' lang='lat' dir='ltr'>Asiam</span> <span class='ocrx_word' id='word_1_371' title='bbox 517 4404 659 4472; x_wconf 88' lang='lat' dir='ltr'>priorem,“</span> <span class='ocrx_word' id='word_1_372' title='bbox 677 4421 717 4472; x_wconf 89' lang='lat' dir='ltr'>ep.</span> <span class='ocrx_word' id='word_1_373' title='bbox 733 4406 750 4458; x_wconf 88' lang='lat'><strong>3</strong></span> <span class='ocrx_word' id='word_1_374' title='bbox 770 4403 948 4471; x_wconf 87' lang='lat' dir='ltr'>posteriorem</span> <span class='ocrx_word' id='word_1_375' title='bbox 965 4399 1101 4467; x_wconf 86' lang='lat' dir='ltr'>epistulae</span> <span class='ocrx_word' id='word_1_376' title='bbox 1119 4402 1227 4466; x_wconf 90' lang='lat' dir='ltr'>partem</span> <span class='ocrx_word' id='word_1_377' title='bbox 1245 4395 1377 4451; x_wconf 79' lang='lat' dir='ltr'>efficiant.</span> 
     </span>
    </p>
   </div>
   <div class='ocr_carea' id='block_1_13' title="bbox 200 4498 1620 4745">
    <p class='ocr_par' dir='ltr' id='par_1_13' title="bbox 200 4498 1620 4745">
     <span class='ocr_line' id='line_1_38' title="bbox 255 4498 1541 4574; baseline -0.009 -13"><span class='ocrx_word' id='word_1_378' title='bbox 255 4511 278 4574; x_wconf 71' lang='grc'>5)</span> <span class='ocrx_word' id='word_1_379' title='bbox 305 4507 349 4561; x_wconf 90' lang='lat' dir='ltr'>Sic</span> <span class='ocrx_word' id='word_1_380' title='bbox 374 4505 513 4573; x_wconf 88' lang='lat' dir='ltr'>significat</span> <span class='ocrx_word' id='word_1_381' title='bbox 531 4507 700 4561; x_wconf 88' lang='lat' dir='ltr'>Schmidtius</span> <span class='ocrx_word' id='word_1_382' title='bbox 724 4509 800 4574; x_wconf 86' lang='lat' dir='ltr'>(pag.</span> <span class='ocrx_word' id='word_1_383' title='bbox 819 4508 861 4572; x_wconf 90' lang='lat'>44,</span> <span class='ocrx_word' id='word_1_384' title='bbox 881 4509 933 4570; x_wconf 78' lang='grc'><strong>411)</strong></span> <span class='ocrx_word' id='word_1_385' title='bbox 958 4518 1019 4558; x_wconf 86' lang='lat' dir='ltr'>eam</span> <span class='ocrx_word' id='word_1_386' title='bbox 1035 4503 1190 4570; x_wconf 82' lang='lat' dir='ltr'>epistulam,</span> <span class='ocrx_word' id='word_1_387' title='bbox 1216 4517 1297 4567; x_wconf 82' lang='lat' dir='ltr'>quam</span> <span class='ocrx_word' id='word_1_388' title='bbox 1315 4500 1379 4553; x_wconf 89' lang='lat' dir='ltr'>inde</span> <span class='ocrx_word' id='word_1_389' title='bbox 1398 4515 1415 4552; x_wconf 91' lang='grc'>1</span> <span class='ocrx_word' id='word_1_390' title='bbox 1432 4498 1541 4551; x_wconf 91' lang='lat' dir='ltr'>vocibus</span> 
     </span>
     <span class='ocr_line' id='line_1_39' title="bbox 200 4584 1620 4661; baseline -0.006 -15"><span class='ocrx_word' id='word_1_391' title='bbox 200 4594 346 4660; x_wconf 76' lang='lat' dir='ltr'>„tlorrsules</span> <span class='ocrx_word' id='word_1_392' title='bbox 365 4593 448 4645; x_wconf 90' lang='lat' dir='ltr'>duos“</span> <span class='ocrx_word' id='word_1_393' title='bbox 474 4594 525 4660; x_wconf 91' lang='lat' dir='ltr'>(ep.</span> <span class='ocrx_word' id='word_1_394' title='bbox 543 4593 564 4644; x_wconf 89' lang='grc' dir='ltr'>Ι.</span> <span class='ocrx_word' id='word_1_395' title='bbox 582 4595 606 4646; x_wconf 90' lang='grc'>3.</span> <span class='ocrx_word' id='word_1_396' title='bbox 625 4591 641 4661; x_wconf 63' lang='grc' dir='ltr'><strong>ξ</strong></span> <span class='ocrx_word' id='word_1_397' title='bbox 659 4595 691 4660; x_wconf 94' lang='grc'>4)</span> <span class='ocrx_word' id='word_1_398' title='bbox 721 4609 804 4660; x_wconf 90' lang='lat' dir='ltr'>nsque</span> <span class='ocrx_word' id='word_1_399' title='bbox 830 4593 865 4644; x_wconf 89' lang='grc'>111</span> <span class='ocrx_word' id='word_1_400' title='bbox 883 4591 1005 4647; x_wconf 88' lang='lat' dir='ltr'>eiusdem</span> <span class='ocrx_word' id='word_1_401' title='bbox 1022 4587 1188 4658; x_wconf 83' lang='lat' dir='ltr'>paragraphi</span> <span class='ocrx_word' id='word_1_402' title='bbox 1206 4587 1288 4640; x_wconf 86' lang='lat' dir='ltr'>verba</span> <span class='ocrx_word' id='word_1_403' title='bbox 1306 4584 1495 4653; x_wconf 88' lang='lat' dir='ltr'>„persequitur</span> <span class='ocrx_word' id='word_1_404' title='bbox 1514 4588 1542 4637; x_wconf 90' lang='lat' dir='ltr'>et</span> <span class='ocrx_word' id='word_1_405' title='bbox 1618 4603 1620 4606; x_wconf 92' lang='lat'>·</span> 
     </span>
     <span class='ocr_line' id='line_1_40' title="bbox 201 4677 780 4745; baseline -0.009 -11"><span class='ocrx_word' id='word_1_406' title='bbox 201 4680 319 4734; x_wconf 83' lang='lat' dir='ltr'>Caesar“</span> <span class='ocrx_word' id='word_1_407' title='bbox 338 4678 476 4745; x_wconf 88' lang='lat' dir='ltr'>pertinere</span> <span class='ocrx_word' id='word_1_408' title='bbox 495 4677 633 4744; x_wconf 84' lang='lat' dir='ltr'>sagaciter</span> <span class='ocrx_word' id='word_1_409' title='bbox 647 4677 780 4745; x_wconf 87' lang='lat' dir='ltr'>exposuit.</span> 
     </span>
    </p>
   </div>
   <div class='ocr_carea' id='block_1_14' title="bbox 0 0 1801 5266">
    <p class='ocr_par' dir='ltr' id='par_1_14' title="bbox 0 0 1801 5266">
     <span class='ocr_line' id='line_1_41' title="bbox 0 0 1801 5266; baseline 0 0"><span class='ocrx_word' id='word_1_410' title='bbox 0 0 1801 5266; x_wconf 95' lang='lat' dir='ltr'> </span> 
     </span>
    </p>
   </div>
  </div>
 </body>
</html>
