3586 5266
764 169 766 172 ·
851 149 869 206 8

192 435 325 497 corpora
350 414 476 479 easdem
504 413 656 496 epistulas
683 422 825 496 receptas
854 417 957 493 fuisse,
988 437 1068 496 quae
1096 416 1160 478 iam
1183 416 1315 479 luissent
1340 417 1372 478 in
1394 415 1529 478 editione

193 533 368 610 Tironiana,
393 572 430 580 η
460 553 524 613 qua
550 533 584 596 in
608 555 643 596 re
669 534 903 613 mirumesset,
929 557 984 598 cur
1006 557 1067 598 non
1091 533 1219 611 Gellius,
1241 533 1360 598 Nonius
1380 533 1434 596 alii
1453 534 1529 598 seri-

193 659 299 734 ptores
321 652 381 717 hac
402 658 512 733 utpote
532 671 762 732 supervacanea
783 655 831 717 uti
853 655 1026 731 desiissent,
1042 693 1079 700 -—
1099 674 1163 716 una
1183 652 1294 716 relicta
1314 659 1362 717 est
1383 653 1472 729 ratic,
1494 657 1530 714 ut

192 770 333 834 dicamus
357 769 499 834 hausisse
521 768 657 834 Nonium
677 772 772 836 etiam
793 772 878 836 huno
899 772 1002 836 locum
1023 793 1062 836 ex
1083 771 1225 853 epistulis
1244 771 1286 834 ad
1307 770 1389 848 fam,
1419 770 1530 850 delen-

193 889 269 952 dum
298 895 405 952 autem
432 888 567 952 indicem
593 890 693 952 1111.
720 897 757 954 ut
785 913 825 954 ex
851 913 956 956 errore
981 892 1085 954 nescio
1114 911 1176 970 quo
1206 888 1395 972 profectum,
1433 911 1531 970 quum

193 1015 318 1090 praeter
347 1007 499 1089 epistulas
521 1005 590 1069 XII.
618 1013 733 1086 l—-l2,
760 1007 828 1072 XV.
856 1015 975 1072 leq-19
1002 1008 1108 1072 nullae
1129 1015 1268 1090 unquam
1292 1008 1445 1090 epistulae
1467 1009 1530 1071 sive

193 1125 376 1191 aCicerone
396 1124 438 1188 ad
458 1125 608 1203 Cassium,
631 1127 695 1190 sive
714 1123 733 1190 1
752 1125 859 1191 Cassio
881 1129 922 1191 ad
942 1127 1121 1192 Ciceronem
1143 1127 1236 1190 datae
1259 1126 1436 1208 publicatae
1458 1126 1530 1190 sint.

178 1244 296 1322 'Quam
325 1243 453 1324 quidem
483 1244 636 1307 rationem
665 1246 796 1326 nequis
818 1247 982 1327 vituperet,
1009 1247 1187 1310 meminerit
1209 1245 1329 1310 nullam
1351 1244 1415 1309 fere
1437 1244 1532 1308 fidem

194 1364 227 1426 in
246 1362 322 1426 locis
345 1361 513 1426 afferendis
534 1362 734 1426 tribuendam
756 1385 822 1428 esse
848 1363 964 1441 Nonio,
992 1385 1139 1446 quocum,
1169 1371 1206 1426 ut
1226 1363 1409 1438 Buecheleri
1430 1363 1533 1426 verbis

198 1487 270 1543 utar
292 1479 418 1566 (Rhein.
441 1478 520 1544 Mus.
543 1479 628 1544 XIII.
653 1479 728 1564 596)
750 1483 804 1562 qui
827 1484 1007 1564 comparari·
1022 1489 1127 1565 posset
1147 1482 1274 1546 levitate
1295 1489 1326 1545 et
1347 1482 1532 1564 stupiditate

199 1619 300 1679 neque
320 1599 494 1679 antiquitas
516 1620 618 1680 neque
640 1605 748 1664 nostra
770 1608 860 1664 aetas
882 1601 982 1664 ullum
1004 1602 1243 1682 grammaticum
1266 1601 1363 1664 tulit.¹

297 1715 407 1798 Neque
424 1724 501 1799 puto
524 1738 714 1798 quemquam
728 1718 878 1783 uni—huic
893 1719 986 1784 Nonii
1003 1720 1181 1784 testimonio
1197 1727 1321 1783 tantum
1339 1718 1533 1783 tributunmr

195 1835 304 1912 tuisse,
341 1843 379 1899 ut
404 1836 478 1900 inde
505 1835 626 1917 aliquid
659 1836 699 1900 de
726 1838 861 1919 pristina
889 1837 1532 1926 epistularum·conditione'concluderet,

197 1955 256 2018 nisi
279 1953 341 2018 duo
363 1954 411 2018 vel
433 1955 496 2018 tria
516 1953 579 2032 illa,
599 1976 679 2035 quae
701 1955 913 2034 indicavimus,
935 1957 1128 2022 accederent.

302 2072 406 2148 Quum
432 2073 487 2153 qui
515 2072 666 2155 epistulas
688 2075 730 2138 ad
751 2074 823 2138 iam.
847 2075 971 2156 collegit
1003 2075 1085 2138 hanc
1106 2085 1248 2138 normam
1270 2080 1467 2154 sequeretur,
1499 2081 1534 2134 nt

194 2192 364 2274 respiceret
392 2191 434 2255 sd
464 2192 591 2256 nomina
618 2199 739 2271 eorum,
772 2195 826 2275 qui
856 2193 995 2274 singulas
1023 2194 1173 2275 epistulas
1202 2195 1265 2257 sive
1291 2194 1448 2256 misissent
1471 2193 1534 2255 sive

196 2310 307 2372 missas
336 2311 543 2392 accepissent,
578 2319 684 2375 tamen
711 2313 826 2393 septies
850 2312 899 2376 vel
929 2313 1025 2376 octies
1054 2314 1223 2389 commisit,
1248 2320 1284 2375 ut
1311 2311 1464 2394 epistulae
1493 2311 1534 2374 ad
1619 2361 1622 2366 ,

196 2427 321 2492 eosdem
352 2427 446 2492 elatae
475 2431 593 2510 partim
621 2431 653 2492 in
680 2429 740 2493 hcc
770 2431 887 2511 partim
914 2432 947 2493 in
973 2430 1028 2494 illo
1056 2430 1137 2494 libro
1164 2431 1350 2511 legerentur.
1395 2429 1534 2507 Quarum.

198 2546 405 2628 epistularum
426 2545 477 2610 hic
499 2555 547 2610 est
568 2555 766 2630 conspectus:
790 2549 937 2629 leguntur
958 2549 1111 2630 epistulae
1132 2549 1189 2612 ad:

324 2664 381 2726 lul.
407 2663 571 2729 Caesarem
693 2668 786 2732 datae
815 2675 846 2731 et
869 2666 937 2730 VH.
980 2653 1008 2730 5
1098 2676 1130 2732 et
1166 2667 1251 2730 XIII.
1279 2673 1323 2729 la.
1361 2673 1407 2730 16.

325 2783 496 2848 Minucium
518 2784 690 2848 Thermum
738 2837 752 2862 „
817 2837 832 2864 „
895 2785 998 2850 1118
1106 2837 1122 2864 „
1166 2785 1250 2850 XIII.
1274 2791 1407 2848 13-111,

324 2899 501 2966 Munatium
524 2902 674 2966 Plancum
738 2955 753 2982 „
817 2956 833 2982 „
897 2904 936 2967 X.
962 2910 1064 2968 1-24
1107 2957 1122 2983 „
1168 2904 1251 2968 XIII.
1276 2909 1325 2967 29.

324 3018 466 3084 Servium
489 3020 660 3103 Sulpicium
736 3074 751 3100 „
816 3074 831 3100 „
881 3021 937 3086 III.
963 3029 1086 3100 1-4,6
1108 3074 1122 3100 „
1167 3023 1251 3086 XIII.
1279 3027 1420 3086 17-28‘².

316 3136 468 3225 [Titium²
549 3139 553 3149 '
741 3192 756 3218 „
820 3192 835 3218 „
899 3140 937 3204 V.
965 3147 1001 3204 16
1108 3140 1336 3228 ,,11ΠΙ.7111.
1400 3141 1402 3146 ’

326 3255 468 3320 Cassium
489 3257 665 3338 Longinum
739 3311 754 3337 „
819 3310 833 3337 „
898 3258 936 3322 X.
963 3264 1063 3323 1-12
1108 3311 1122 3334 .,
1184 3258 1250 3322 XV.
1275 3265 1408 3322 14--19.

326 3375 369 3437 Μ.
392 3374 500 3439 Claud.
523 3376 706 3462 Marcellum
738 3429 753 3454 „
818 3429 832 3455 „
883 3377 936 3441 IV.
963 3382 1061 3440 l-ll
1106 3430 1122 3455 „
1185 3377 1252 3441 XV.
1277 3384 1305 3441 9.

327 3493 518 3558 Trebonium
735 3547 750 3572 „
816 3547 830 3572 „
895 3496 933 3558 X.
957 3501 997 3558 28
1104 3547 1119 3574 „
1183 3496 1250 3560 XV.
1276 3502 1324 3558 20.
1359 3501 1408 3557 21.

308 3613 449 3688 Quarum
466 3613 672 3694 epistularum
697 3635 795 3695 quum
809 3614 936 3679 Nakerrs
962 3623 1046 3680 reete
1066 3623 1207 3680 moneret
1227 3615 1360 3678 alteram
1380 3635 1537 3694 quamquo

200 3738 324 3814 partem
352 3731 484 3796 inveniri
512 3732 546 3794 in
573 3729 654 3795 libro
682 3740 738 3796 aut
765 3734 860 3796 tertio
889 3734 1009 3797 decimo
1037 3741 1092 3796 aut
1119 3735 1229 3813 quinto
1258 3734 1377 3797 decimo
1405 3733 1537 3796 alteram

203 3871 269 3914 esse
292 3849 446 3912 librorum
466 3849 626 3928 I.-XH.,
657 3872 712 3914 cur
734 3852 766 3913 id
788 3852 905 3916 iactum
927 3859 1009 3916 essct
1031 3859 1149 3914 certam
1172 3874 1298 3916 causam
1320 3853 1537 3930 rationemque

201 3989 263 4032 non
285 3967 372 4046 vidit,
394 3989 495 4049 neque
516 3969 662 4032 viderunt
683 3970 797 4051 reliqui
819 3970 962 4034 homines
983 3969 1077 4033 docti.

204 4093 407 4100 —--—.----

259 4157 280 4223 ¹)
306 4155 338 4208 cf.
361 4155 446 4210 etiam
470 4153 664 4208 Schottmi'rller
688 4154 813 4222 (Symbol.
839 4155 883 4222 ph.
909 4155 993 4207 Bonn.
1022 4156 1096 4209 18114.
1124 4171 1187 4221 pag.
1202 4154 1270 4220 81111.
1306 4153 1335 4206 Ρ.
1359 4155 1482 4209 Schmidt
1505 4155 1538 4207 de

202 4240 285 4294 Nonii
309 4242 436 4296 auctorit.
454 4256 566 4308 gramm.
583 4256 643 4308 pag.
661 4243 702 4294 92.
728 4272 750 4278 -
776 4239 820 4293 Sic
838 4239 951 4306 Nonius,
969 4243 1001 4293 ut
1018 4255 1106 4307 pauca
1125 4239 1237 4293 afferam
1253 4255 1314 4306 pag.
1333 4243 1374 4294 96.
1395 4242 1428 4294 32
1448 4241 1537 4305 verba,

202 4343 271 4395 quae
296 4331 360 4381 sunt
384 4344 399 4380 e
425 4325 562 4382 Ciceronis
585 4327 619 4380 de
645 4324 760 4381 Oratore
783 4326 840 4394 (III.
859 4328 902 4395 29)
926 4325 1004 4378 libris
1029 4326 1062 4378 de
1086 4326 1156 4378 deor.
1181 4329 1238 4379 nat.
1263 4329 1292 4378 et
1315 4326 1372 4380 vice
1395 4342 1472 4380 versa
1496 4325 1538 4378 his
1650 4395 1651 4398 Ἴ

203 4415 274 4481 (pag.
297 4415 350 4467 185.
372 4417 411 4479 11,
429 4415 488 4468 218.
508 4414 552 4482 25)
578 4417 735 4481 quaesunt
762 4412 864 4466 e-libro
881 4413 915 4465 II.
934 4413 967 4464 de
981 4415 1039 4464 nat.
1057 4412 1128 4464 deor.
1146 4410 1224 4464 libris
1245 4411 1278 4464 de
1297 4412 1413 4465 Oratore
1430 4410 1538 4476 tribuit,

203 4515 272 4566 quae
298 4499 327 4551 in
347 4498 460 4552 Terenti
477 4499 583 4568 Hecyra
606 4499 736 4566 leguntur
753 4515 786 4551 ex
803 4497 991 4551 Heautontim.
1016 4497 1086 4566 (pag.
1104 4498 1163 4552 318.
1182 4498 1235 4564 21),
1261 4514 1330 4564 quae
1355 4497 1385 4550 in
1403 4497 1537 4550 Aeneidos

99 4638 101 4643 .
202 4585 271 4639 libro
289 4585 329 4651 V,
348 4602 363 4640 e
382 4584 519 4652 Georgicis
538 4585 608 4652 (pag.
626 4587 685 4640 318.
703 4586 747 4654 28)
766 4600 824 4638 esse
841 4584 985 4653 desumpta
1001 4584 1067 4638 vult.

257 4689 282 4755 ²)
307 4689 341 4742 de
357 4687 401 4741 his
418 4687 544 4756 epistulis
560 4687 621 4742 vide
639 4704 707 4756 quse
725 4687 835 4741 Nskeus
851 4688 921 4756 (pag.
938 4689 955 4742 3
973 4692 1029 4741 not.
1052 4687 1094 4755 10)
1113 4686 1273 4755 disputavit.
