<?xml version="1.0" encoding="UTF-8"?>
<!DOCTYPE html PUBLIC "-//W3C//DTD XHTML 1.0 Transitional//EN"
    "http://www.w3.org/TR/xhtml1/DTD/xhtml1-transitional.dtd">
<html xmlns="http://www.w3.org/1999/xhtml" xml:lang="en" lang="en">
 <head>
  <title>
</title>
<meta http-equiv="Content-Type" content="text/html;charset=utf-8" />
  <meta name='ocr-system' content='tesseract 3.04.00' />
  <meta name='ocr-capabilities' content='ocr_page ocr_carea ocr_par ocr_line ocrx_word'/>
</head>
<body>
  <div class='ocr_page' id='page_1' title='image "./demtulliciceron01gurlgoog_0036.png"; bbox 0 0 3586 5266; ppageno 0'>
   <div class='ocr_carea' id='block_1_1' title="bbox 1418 65 1753 194">
    <p class='ocr_par' dir='ltr' id='par_1_1' title="bbox 1418 65 1753 194">
     <span class='ocr_line' id='line_1_1' title="bbox 1454 65 1734 108; baseline -0.011 0"><span class='ocrx_word' id='word_1_1' title='bbox 1454 77 1467 93; x_wconf 70' lang='lat'><em>&#39;</em></span> <span class='ocrx_word' id='word_1_2' title='bbox 1506 65 1591 108; x_wconf 39' lang='grc' dir='ltr'><strong>ΜΗ</strong></span> <span class='ocrx_word' id='word_1_3' title='bbox 1621 69 1658 89; x_wconf 82' lang='grc'><strong>”“</strong></span> <span class='ocrx_word' id='word_1_4' title='bbox 1715 87 1734 105; x_wconf 84' lang='grc'><strong>·.</strong></span> 
     </span>
     <span class='ocr_line' id='line_1_2' title="bbox 1418 113 1753 194; baseline -0.024 -42"><span class='ocrx_word' id='word_1_5' title='bbox 1418 140 1434 194; x_wconf 58' lang='grc' dir='ltr'><em>ί</em></span> <span class='ocrx_word' id='word_1_6' title='bbox 1552 115 1576 148; x_wconf 60' lang='lat' dir='ltr'><strong>if</strong></span> <span class='ocrx_word' id='word_1_7' title='bbox 1591 119 1619 152; x_wconf 58' lang='lat' dir='ltr'><strong>&#39;si</strong></span> <span class='ocrx_word' id='word_1_8' title='bbox 1637 133 1646 152; x_wconf 65' lang='lat'><strong>0·</strong></span> <span class='ocrx_word' id='word_1_9' title='bbox 1681 113 1683 122; x_wconf 48' lang='lat' dir='ltr'><strong>i</strong></span> <span class='ocrx_word' id='word_1_10' title='bbox 1740 114 1753 152; x_wconf 50' lang='lat'><strong>¹..</strong></span> 
     </span>
    </p>
   </div>
   <div class='ocr_carea' id='block_1_2' title="bbox 1416 182 1770 426">
    <p class='ocr_par' dir='ltr' id='par_1_2' title="bbox 1416 182 1770 426">
     <span class='ocr_line' id='line_1_3' title="bbox 1430 182 1770 274; baseline -0.003 -35"><span class='ocrx_word' id='word_1_11' title='bbox 1430 182 1503 274; x_wconf 52' lang='grc' dir='ltr'><strong>ὶ1.</strong></span> <span class='ocrx_word' id='word_1_12' title='bbox 1707 207 1726 218; x_wconf 78' lang='lat'><strong>··</strong></span> <span class='ocrx_word' id='word_1_13' title='bbox 1764 238 1770 259; x_wconf 73' lang='lat'><strong>,</strong></span> 
     </span>
     <span class='ocr_line' id='line_1_4' title="bbox 1578 272 1766 307; baseline -0.016 -7"><span class='ocrx_word' id='word_1_14' title='bbox 1578 293 1582 300; x_wconf 96' lang='grc'>.</span> <span class='ocrx_word' id='word_1_15' title='bbox 1600 292 1611 307; x_wconf 85' lang='lat'><strong>,.</strong></span> <span class='ocrx_word' id='word_1_16' title='bbox 1759 272 1766 297; x_wconf 75' lang='lat' dir='ltr'><strong>a</strong></span> 
     </span>
     <span class='ocr_line' id='line_1_5' title="bbox 1416 201 1755 426; baseline -0.012 -13"><span class='ocrx_word' id='word_1_17' title='bbox 1416 201 1632 412; x_wconf 35' lang='lat' dir='ltr'><strong>&amp;Qu-³³³-</strong></span> <span class='ocrx_word' id='word_1_18' title='bbox 1643 313 1755 426; x_wconf 59' lang='lat' dir='ltr'><strong>nos</strong></span> 
     </span>
    </p>
   </div>
   <div class='ocr_carea' id='block_1_3' title="bbox 199 406 1600 3567">
    <p class='ocr_par' dir='ltr' id='par_1_3' title="bbox 228 406 1600 1680">
     <span class='ocr_line' id='line_1_6' title="bbox 228 406 1600 505; baseline 0.003 -25"><span class='ocrx_word' id='word_1_19' title='bbox 228 416 374 497; x_wconf 88' lang='lat' dir='ltr'><strong>gionibus</strong></span> <span class='ocrx_word' id='word_1_20' title='bbox 402 416 496 481; x_wconf 82' lang='lat' dir='ltr'><strong>datae</strong></span> <span class='ocrx_word' id='word_1_21' title='bbox 529 426 741 502; x_wconf 75' lang='lat' dir='ltr'><strong>superessent,</strong></span> <span class='ocrx_word' id='word_1_22' title='bbox 778 419 852 483; x_wconf 88' lang='lat' dir='ltr'><strong>iude</strong></span> <span class='ocrx_word' id='word_1_23' title='bbox 885 427 1033 505; x_wconf 86' lang='lat' dir='ltr'><strong>apparet,</strong></span> <span class='ocrx_word' id='word_1_24' title='bbox 1068 420 1154 504; x_wconf 91' lang='lat' dir='ltr'><strong>quod</strong></span> <span class='ocrx_word' id='word_1_25' title='bbox 1190 419 1277 484; x_wconf 89' lang='lat' dir='ltr'><strong>salva</strong></span> <span class='ocrx_word' id='word_1_26' title='bbox 1312 419 1369 484; x_wconf 87' lang='lat' dir='ltr'><strong>illa</strong></span> <span class='ocrx_word' id='word_1_27' title='bbox 1394 420 1476 501; x_wconf 87' lang='lat' dir='ltr'><strong>lege,</strong></span> <span class='ocrx_word' id='word_1_28' title='bbox 1510 406 1600 505; x_wconf 47' lang='lat' dir='ltr'><strong>quii*</strong></span> 
     </span>
     <span class='ocr_line' id='line_1_7' title="bbox 229 536 1599 622; baseline 0.005 -25"><span class='ocrx_word' id='word_1_29' title='bbox 229 541 484 615; x_wconf 75' lang='lat' dir='ltr'><strong>aggregarentur,</strong></span> <span class='ocrx_word' id='word_1_30' title='bbox 513 557 595 619; x_wconf 84' lang='lat' dir='ltr'><strong>quae</strong></span> <span class='ocrx_word' id='word_1_31' title='bbox 620 536 735 601; x_wconf 90' lang='lat' dir='ltr'><strong>eisdem</strong></span> <span class='ocrx_word' id='word_1_32' title='bbox 767 538 937 622; x_wconf 75' lang='lat' dir='ltr'><strong>inscriptae</strong></span> <span class='ocrx_word' id='word_1_33' title='bbox 958 545 1047 615; x_wconf 90' lang='lat' dir='ltr'><strong>sunt,</strong></span> <span class='ocrx_word' id='word_1_34' title='bbox 1074 537 1183 622; x_wconf 87' lang='lat' dir='ltr'><strong>perfici</strong></span> <span class='ocrx_word' id='word_1_35' title='bbox 1209 559 1272 601; x_wconf 89' lang='lat' dir='ltr'><strong>uon</strong></span> <span class='ocrx_word' id='word_1_36' title='bbox 1302 539 1416 622; x_wconf 90' lang='lat' dir='ltr'><strong>potuit.</strong></span> <span class='ocrx_word' id='word_1_37' title='bbox 1459 536 1599 622; x_wconf 79' lang='lat' dir='ltr'><strong>Itaque.</strong></span> 
     </span>
     <span class='ocr_line' id='line_1_8' title="bbox 230 651 1570 740; baseline 0.002 -26"><span class='ocrx_word' id='word_1_38' title='bbox 230 651 303 716; x_wconf 88' lang='lat' dir='ltr'><strong>Tiro</strong></span> <span class='ocrx_word' id='word_1_39' title='bbox 326 653 455 718; x_wconf 88' lang='lat' dir='ltr'><strong>mutatis</strong></span> <span class='ocrx_word' id='word_1_40' title='bbox 479 653 710 718; x_wconf 87' lang='lat' dir='ltr'><strong>conditionibus</strong></span> <span class='ocrx_word' id='word_1_41' title='bbox 731 655 884 719; x_wconf 89' lang='lat' dir='ltr'><strong>rationem</strong></span> <span class='ocrx_word' id='word_1_42' title='bbox 905 657 1046 733; x_wconf 77' lang='lat' dir='ltr'><strong>mutavit,</strong></span> <span class='ocrx_word' id='word_1_43' title='bbox 1067 663 1100 719; x_wconf 90' lang='lat' dir='ltr'><strong>et</strong></span> <span class='ocrx_word' id='word_1_44' title='bbox 1117 677 1213 740; x_wconf 90' lang='lat' dir='ltr'><strong>quum</strong></span> <span class='ocrx_word' id='word_1_45' title='bbox 1235 657 1270 718; x_wconf 89' lang='lat' dir='ltr'><strong>in</strong></span> <span class='ocrx_word' id='word_1_46' title='bbox 1292 654 1389 718; x_wconf 91' lang='lat' dir='ltr'><strong>libros</strong></span> <span class='ocrx_word' id='word_1_47' title='bbox 1411 654 1434 732; x_wconf 82' lang='grc'><strong>1,</strong></span> <span class='ocrx_word' id='word_1_48' title='bbox 1456 654 1494 732; x_wconf 78' lang='grc' dir='ltr'><strong>ΙΙ,</strong></span> <span class='ocrx_word' id='word_1_49' title='bbox 1517 653 1570 731; x_wconf 89' lang='grc' dir='ltr'>ΙΙΙ,</span> 
     </span>
     <span class='ocr_line' id='line_1_9' title="bbox 229 768 1572 859; baseline 0.003 -27"><span class='ocrx_word' id='word_1_50' title='bbox 229 768 282 846; x_wconf 90' lang='lat' dir='ltr'><strong>IV,</strong></span> <span class='ocrx_word' id='word_1_51' title='bbox 310 768 394 847; x_wconf 84' lang='lat' dir='ltr'><strong>VIIL</strong></span> <span class='ocrx_word' id='word_1_52' title='bbox 422 768 506 847; x_wconf 87' lang='lat' dir='ltr'>XIV,</span> <span class='ocrx_word' id='word_1_53' title='bbox 527 769 594 847; x_wconf 87' lang='lat' dir='ltr'><strong>XV,</strong></span> <span class='ocrx_word' id='word_1_54' title='bbox 624 770 707 835; x_wconf 91' lang='lat' dir='ltr'><strong>XVI.</strong></span> <span class='ocrx_word' id='word_1_55' title='bbox 736 773 813 836; x_wconf 86' lang='lat' dir='ltr'><strong>satis</strong></span> <span class='ocrx_word' id='word_1_56' title='bbox 841 771 973 837; x_wconf 88' lang='lat' dir='ltr'><strong>haberet</strong></span> <span class='ocrx_word' id='word_1_57' title='bbox 1001 773 1152 859; x_wconf 80' lang='lat' dir='ltr'><strong>epistulas</strong></span> <span class='ocrx_word' id='word_1_58' title='bbox 1181 771 1297 836; x_wconf 90' lang='lat' dir='ltr'><strong>eisdem</strong></span> <span class='ocrx_word' id='word_1_59' title='bbox 1325 773 1494 856; x_wconf 84' lang='lat' dir='ltr'><strong>inscriptas</strong></span> <span class='ocrx_word' id='word_1_60' title='bbox 1522 793 1572 836; x_wconf 88' lang='lat' dir='ltr'><strong>re-</strong></span> 
     </span>
     <span class='ocr_line' id='line_1_10' title="bbox 230 887 1571 986; baseline 0.001 -35"><span class='ocrx_word' id='word_1_61' title='bbox 230 889 342 986; x_wconf 81' lang='lat' dir='ltr'><strong>cipere,</strong></span> <span class='ocrx_word' id='word_1_62' title='bbox 363 887 479 971; x_wconf 88' lang='lat' dir='ltr'><strong>quibus</strong></span> <span class='ocrx_word' id='word_1_63' title='bbox 500 909 568 953; x_wconf 89' lang='lat' dir='ltr'><strong>cum</strong></span> <span class='ocrx_word' id='word_1_64' title='bbox 588 888 728 953; x_wconf 85' lang='lat' dir='ltr'><strong>Ciceroni</strong></span> <span class='ocrx_word' id='word_1_65' title='bbox 749 889 856 954; x_wconf 89' lang='lat' dir='ltr'><strong>eodem</strong></span> <span class='ocrx_word' id='word_1_66' title='bbox 880 889 944 954; x_wconf 86' lang='lat' dir='ltr'><strong>fere</strong></span> <span class='ocrx_word' id='word_1_67' title='bbox 966 897 1107 975; x_wconf 87' lang='lat' dir='ltr'><strong>tempore</strong></span> <span class='ocrx_word' id='word_1_68' title='bbox 1127 889 1332 975; x_wconf 73' lang='lat' dir='ltr'><strong>epistularum</strong></span> <span class='ocrx_word' id='word_1_69' title='bbox 1355 891 1571 955; x_wconf 81' lang='lat' dir='ltr'><strong>cornmercium</strong></span> 
     </span>
     <span class='ocr_line' id='line_1_11' title="bbox 230 1003 1573 1089; baseline 0.002 -21"><span class='ocrx_word' id='word_1_70' title='bbox 230 1005 335 1070; x_wconf 87' lang='lat' dir='ltr'><strong>fuerat</strong></span> <span class='ocrx_word' id='word_1_71' title='bbox 362 1005 443 1069; x_wconf 91' lang='lat' dir='ltr'><strong>liber</strong></span> <span class='ocrx_word' id='word_1_72' title='bbox 465 1003 517 1069; x_wconf 91' lang='lat' dir='ltr'><strong>Vl.</strong></span> <span class='ocrx_word' id='word_1_73' title='bbox 548 1007 639 1071; x_wconf 89' lang='lat' dir='ltr'><strong>modo</strong></span> <span class='ocrx_word' id='word_1_74' title='bbox 668 1007 818 1088; x_wconf 86' lang='lat' dir='ltr'><strong>legendus</strong></span> <span class='ocrx_word' id='word_1_75' title='bbox 847 1015 904 1086; x_wconf 77' lang='lat' dir='ltr'><strong>est,</strong></span> <span class='ocrx_word' id='word_1_76' title='bbox 932 1017 970 1072; x_wconf 90' lang='lat' dir='ltr'><strong>ut</strong></span> <span class='ocrx_word' id='word_1_77' title='bbox 990 1015 1179 1089; x_wconf 85' lang='lat' dir='ltr'><strong>agnoscatur</strong></span> <span class='ocrx_word' id='word_1_78' title='bbox 1200 1029 1313 1072; x_wconf 86' lang='lat' dir='ltr'><strong>norum</strong></span> <span class='ocrx_word' id='word_1_79' title='bbox 1336 1007 1396 1071; x_wconf 90' lang='lat' dir='ltr'><strong>hoc</strong></span> <span class='ocrx_word' id='word_1_80' title='bbox 1417 1007 1573 1085; x_wconf 87' lang='lat' dir='ltr'><strong>accedere,</strong></span> 
     </span>
     <span class='ocr_line' id='line_1_12' title="bbox 232 1123 1573 1210; baseline 0.001 -24"><span class='ocrx_word' id='word_1_81' title='bbox 232 1123 330 1208; x_wconf 86' lang='lat' dir='ltr'><strong>quod¹</strong></span> <span class='ocrx_word' id='word_1_82' title='bbox 343 1124 377 1186; x_wconf 91' lang='lat' dir='ltr'><strong>in</strong></span> <span class='ocrx_word' id='word_1_83' title='bbox 398 1123 558 1208; x_wconf 90' lang='lat' dir='ltr'><strong>plerisque</strong></span> <span class='ocrx_word' id='word_1_84' title='bbox 585 1125 729 1208; x_wconf 88' lang='lat' dir='ltr'><strong>epistulis</strong></span> <span class='ocrx_word' id='word_1_85' title='bbox 751 1127 815 1190; x_wconf 87' lang='lat' dir='ltr'><strong>sive</strong></span> <span class='ocrx_word' id='word_1_86' title='bbox 834 1125 1021 1190; x_wconf 77' lang='grc' dir='ltr'><strong>1111011111ι</strong></span> <span class='ocrx_word' id='word_1_87' title='bbox 1047 1126 1112 1191; x_wconf 89' lang='lat' dir='ltr'><strong>sive</strong></span> <span class='ocrx_word' id='word_1_88' title='bbox 1132 1125 1321 1207; x_wconf 79' lang='lat' dir='ltr'><strong>gratulatio²</strong></span> <span class='ocrx_word' id='word_1_89' title='bbox 1345 1125 1498 1210; x_wconf 86' lang='lat' dir='ltr'><strong>quaedam</strong></span> <span class='ocrx_word' id='word_1_90' title='bbox 1522 1127 1573 1188; x_wconf 90' lang='lat' dir='ltr'><strong>sit.</strong></span> 
     </span>
     <span class='ocr_line' id='line_1_13' title="bbox 231 1241 1574 1329; baseline 0 -23"><span class='ocrx_word' id='word_1_91' title='bbox 231 1241 269 1306; x_wconf 86' lang='lat' dir='ltr'><strong>Iu</strong></span> <span class='ocrx_word' id='word_1_92' title='bbox 296 1241 426 1326; x_wconf 87' lang='lat' dir='ltr'><strong>reliquis</strong></span> <span class='ocrx_word' id='word_1_93' title='bbox 453 1249 557 1306; x_wconf 86' lang='lat' dir='ltr'><strong>autem</strong></span> <span class='ocrx_word' id='word_1_94' title='bbox 587 1242 711 1306; x_wconf 89' lang='lat' dir='ltr'><strong>duobus</strong></span> <span class='ocrx_word' id='word_1_95' title='bbox 739 1243 829 1307; x_wconf 90' lang='lat' dir='ltr'><strong>libris</strong></span> <span class='ocrx_word' id='word_1_96' title='bbox 858 1242 907 1323; x_wconf 88' lang='lat' dir='ltr'><strong>(V,</strong></span> <span class='ocrx_word' id='word_1_97' title='bbox 930 1242 1003 1326; x_wconf 86' lang='lat' dir='ltr'><strong>VII)</strong></span> <span class='ocrx_word' id='word_1_98' title='bbox 1034 1244 1236 1329; x_wconf 90' lang='lat' dir='ltr'><strong>reperiuntur</strong></span> <span class='ocrx_word' id='word_1_99' title='bbox 1265 1263 1345 1328; x_wconf 88' lang='lat' dir='ltr'><strong>quae</strong></span> <span class='ocrx_word' id='word_1_100' title='bbox 1374 1243 1462 1306; x_wconf 91' lang='lat' dir='ltr'><strong>nulla</strong></span> <span class='ocrx_word' id='word_1_101' title='bbox 1487 1250 1574 1306; x_wconf 83' lang='lat' dir='ltr'><strong>certa</strong></span> 
     </span>
     <span class='ocr_line' id='line_1_14' title="bbox 232 1360 1575 1446; baseline 0.001 -24"><span class='ocrx_word' id='word_1_102' title='bbox 232 1361 355 1424; x_wconf 88' lang='lat' dir='ltr'><strong>ratione</strong></span> <span class='ocrx_word' id='word_1_103' title='bbox 377 1366 550 1444; x_wconf 90' lang='lat' dir='ltr'><strong>potuerunt</strong></span> <span class='ocrx_word' id='word_1_104' title='bbox 571 1360 703 1444; x_wconf 89' lang='lat' dir='ltr'><strong>disponi,</strong></span> <span class='ocrx_word' id='word_1_105' title='bbox 725 1381 821 1445; x_wconf 89' lang='lat' dir='ltr'><strong>quum</strong></span> <span class='ocrx_word' id='word_1_106' title='bbox 845 1368 950 1425; x_wconf 90' lang='lat' dir='ltr'><strong>esseut</strong></span> <span class='ocrx_word' id='word_1_107' title='bbox 971 1362 1049 1425; x_wconf 82' lang='lat' dir='ltr'><strong>rarii</strong></span> <span class='ocrx_word' id='word_1_108' title='bbox 1071 1361 1193 1443; x_wconf 90' lang='lat' dir='ltr'><strong>generis</strong></span> <span class='ocrx_word' id='word_1_109' title='bbox 1215 1361 1257 1424; x_wconf 86' lang='lat' dir='ltr'><strong>ad</strong></span> <span class='ocrx_word' id='word_1_110' title='bbox 1278 1361 1398 1424; x_wconf 78' lang='lat' dir='ltr'><strong>varios³</strong></span> <span class='ocrx_word' id='word_1_111' title='bbox 1417 1381 1474 1446; x_wconf 90' lang='lat' dir='ltr'><strong>per</strong></span> <span class='ocrx_word' id='word_1_112' title='bbox 1491 1381 1575 1424; x_wconf 88' lang='lat' dir='ltr'><strong>eom·</strong></span> 
     </span>
     <span class='ocr_line' id='line_1_15' title="bbox 232 1477 1574 1562; baseline 0.001 -22"><span class='ocrx_word' id='word_1_113' title='bbox 232 1477 339 1562; x_wconf 86' lang='lat' dir='ltr'><strong>plures</strong></span> <span class='ocrx_word' id='word_1_114' title='bbox 364 1497 464 1541; x_wconf 88' lang='lat' dir='ltr'><strong>annos</strong></span> <span class='ocrx_word' id='word_1_115' title='bbox 489 1477 592 1540; x_wconf 80' lang='lat' dir='ltr'><strong>datae.</strong></span> <span class='ocrx_word' id='word_1_116' title='bbox 636 1477 748 1542; x_wconf 84' lang='lat' dir='ltr'><strong>Nescio</strong></span> <span class='ocrx_word' id='word_1_117' title='bbox 776 1479 873 1558; x_wconf 85' lang='lat' dir='ltr'><strong>igitur</strong></span> <span class='ocrx_word' id='word_1_118' title='bbox 900 1497 974 1542; x_wconf 88' lang='lat' dir='ltr'><strong>num</strong></span> <span class='ocrx_word' id='word_1_119' title='bbox 1001 1478 1095 1542; x_wconf 89' lang='lat' dir='ltr'><strong>liceat</strong></span> <span class='ocrx_word' id='word_1_120' title='bbox 1123 1479 1203 1542; x_wconf 89' lang='lat' dir='ltr'><strong>duos</strong></span> <span class='ocrx_word' id='word_1_121' title='bbox 1223 1478 1282 1542; x_wconf 90' lang='lat' dir='ltr'><strong>hos</strong></span> <span class='ocrx_word' id='word_1_122' title='bbox 1303 1478 1400 1541; x_wconf 89' lang='lat' dir='ltr'><strong>libros</strong></span> <span class='ocrx_word' id='word_1_123' title='bbox 1421 1477 1574 1562; x_wconf 86' lang='lat' dir='ltr'><strong>quodam-</strong></span> 
     </span>
     <span class='ocr_line' id='line_1_16' title="bbox 235 1594 803 1680; baseline 0 -22"><span class='ocrx_word' id='word_1_124' title='bbox 235 1594 326 1658; x_wconf 90' lang='lat' dir='ltr'><strong>modo</strong></span> <span class='ocrx_word' id='word_1_125' title='bbox 347 1615 406 1679; x_wconf 92' lang='lat' dir='ltr'><strong>pro</strong></span> <span class='ocrx_word' id='word_1_126' title='bbox 427 1595 654 1680; x_wconf 83' lang='lat' dir='ltr'><strong>supplementis</strong></span> <span class='ocrx_word' id='word_1_127' title='bbox 676 1594 803 1660; x_wconf 86' lang='lat' dir='ltr'><strong>habere.</strong></span> 
     </span>
    </p>

    <p class='ocr_par' dir='ltr' id='par_1_4' title="bbox 232 1710 1575 2620">
     <span class='ocr_line' id='line_1_17' title="bbox 338 1710 1575 1797; baseline 0.002 -23"><span class='ocrx_word' id='word_1_128' title='bbox 338 1710 376 1774; x_wconf 88' lang='lat' dir='ltr'><strong>In</strong></span> <span class='ocrx_word' id='word_1_129' title='bbox 396 1713 574 1777; x_wconf 80' lang='lat' dir='ltr'><strong>universum</strong></span> <span class='ocrx_word' id='word_1_130' title='bbox 597 1720 702 1777; x_wconf 86' lang='lat' dir='ltr'><strong>autem</strong></span> <span class='ocrx_word' id='word_1_131' title='bbox 726 1712 870 1777; x_wconf 83' lang='lat' dir='ltr'><strong>Tironem</strong></span> <span class='ocrx_word' id='word_1_132' title='bbox 894 1711 1108 1777; x_wconf 76' lang='lat' dir='ltr'><strong>dIfficillimam</strong></span> <span class='ocrx_word' id='word_1_133' title='bbox 1131 1712 1214 1776; x_wconf 90' lang='lat' dir='ltr'><strong>hanc</strong></span> <span class='ocrx_word' id='word_1_134' title='bbox 1229 1732 1294 1775; x_wconf 91' lang='lat' dir='ltr'><strong>rem</strong></span> <span class='ocrx_word' id='word_1_135' title='bbox 1314 1711 1392 1775; x_wconf 89' lang='lat' dir='ltr'><strong>bene</strong></span> <span class='ocrx_word' id='word_1_136' title='bbox 1409 1711 1575 1797; x_wconf 77' lang='lat' dir='ltr'><strong>perfecisse</strong></span> 
     </span>
     <span class='ocr_line' id='line_1_18' title="bbox 234 1830 1574 1916; baseline 0 -24"><span class='ocrx_word' id='word_1_137' title='bbox 234 1849 350 1906; x_wconf 89' lang='lat' dir='ltr'><strong>censeo,</strong></span> <span class='ocrx_word' id='word_1_138' title='bbox 373 1836 411 1894; x_wconf 90' lang='lat' dir='ltr'><strong>ut</strong></span> <span class='ocrx_word' id='word_1_139' title='bbox 429 1836 551 1894; x_wconf 87' lang='lat' dir='ltr'><strong>tantam</strong></span> <span class='ocrx_word' id='word_1_140' title='bbox 574 1838 607 1895; x_wconf 93' lang='lat' dir='ltr'><strong>et</strong></span> <span class='ocrx_word' id='word_1_141' title='bbox 627 1838 691 1896; x_wconf 86' lang='lat' dir='ltr'><strong>tam</strong></span> <span class='ocrx_word' id='word_1_142' title='bbox 710 1832 828 1896; x_wconf 84' lang='lat' dir='ltr'><strong>variam</strong></span> <span class='ocrx_word' id='word_1_143' title='bbox 846 1830 1051 1916; x_wconf 78' lang='lat' dir='ltr'><strong>epistularum</strong></span> <span class='ocrx_word' id='word_1_144' title='bbox 1069 1831 1188 1915; x_wconf 86' lang='lat' dir='ltr'><strong>copiam</strong></span> <span class='ocrx_word' id='word_1_145' title='bbox 1205 1831 1238 1892; x_wconf 89' lang='lat' dir='ltr'><strong>in</strong></span> <span class='ocrx_word' id='word_1_146' title='bbox 1253 1830 1392 1894; x_wconf 90' lang='lat' dir='ltr'><strong>ordinem</strong></span> <span class='ocrx_word' id='word_1_147' title='bbox 1408 1831 1574 1912; x_wconf 88' lang='lat' dir='ltr'><strong>redigeret.</strong></span> 
     </span>
     <span class='ocr_line' id='line_1_19' title="bbox 234 1945 1572 2035; baseline 0.001 -25"><span class='ocrx_word' id='word_1_148' title='bbox 234 1945 339 2012; x_wconf 88' lang='lat' dir='ltr'><strong>Unum</strong></span> <span class='ocrx_word' id='word_1_149' title='bbox 362 1968 437 2012; x_wconf 89' lang='lat' dir='ltr'><strong>sane</strong></span> <span class='ocrx_word' id='word_1_150' title='bbox 458 1947 604 2029; x_wconf 74' lang='lat' dir='ltr'><strong>neglexit</strong></span> <span class='ocrx_word' id='word_1_151' title='bbox 635 1949 720 2035; x_wconf 91' lang='lat' dir='ltr'><strong>quod</strong></span> <span class='ocrx_word' id='word_1_152' title='bbox 741 1950 861 2014; x_wconf 90' lang='lat' dir='ltr'><strong>dierum</strong></span> <span class='ocrx_word' id='word_1_153' title='bbox 885 1949 1035 2013; x_wconf 75' lang='lat' dir='ltr'><strong>meusIum</strong></span> <span class='ocrx_word' id='word_1_154' title='bbox 1060 1968 1282 2033; x_wconf 89' lang='lat' dir='ltr'><strong>nonnunquam</strong></span> <span class='ocrx_word' id='word_1_155' title='bbox 1306 1948 1400 2012; x_wconf 83' lang='lat' dir='ltr'><strong>etiam</strong></span> <span class='ocrx_word' id='word_1_156' title='bbox 1421 1969 1572 2012; x_wconf 85' lang='lat' dir='ltr'><strong>annorum</strong></span> 
     </span>
     <span class='ocr_line' id='line_1_20' title="bbox 232 2065 1575 2150; baseline 0.002 -23"><span class='ocrx_word' id='word_1_157' title='bbox 232 2067 384 2130; x_wconf 88' lang='lat' dir='ltr'><strong>rationem</strong></span> <span class='ocrx_word' id='word_1_158' title='bbox 407 2085 471 2130; x_wconf 91' lang='lat' dir='ltr'><strong>nou</strong></span> <span class='ocrx_word' id='word_1_159' title='bbox 493 2065 615 2130; x_wconf 83' lang='lat' dir='ltr'><strong>habuit.</strong></span> <span class='ocrx_word' id='word_1_160' title='bbox 662 2066 777 2131; x_wconf 89' lang='lat' dir='ltr'><strong>Verum</strong></span> <span class='ocrx_word' id='word_1_161' title='bbox 806 2067 866 2130; x_wconf 88' lang='lat' dir='ltr'><strong>hac</strong></span> <span class='ocrx_word' id='word_1_162' title='bbox 887 2068 919 2129; x_wconf 88' lang='lat' dir='ltr'><strong>in</strong></span> <span class='ocrx_word' id='word_1_163' title='bbox 940 2087 975 2130; x_wconf 91' lang='lat' dir='ltr'><strong>re</strong></span> <span class='ocrx_word' id='word_1_164' title='bbox 998 2066 1136 2130; x_wconf 87' lang='lat' dir='ltr'><strong>Atticum</strong></span> <span class='ocrx_word' id='word_1_165' title='bbox 1159 2065 1257 2128; x_wconf 86' lang='lat' dir='ltr'><strong>habet</strong></span> <span class='ocrx_word' id='word_1_166' title='bbox 1280 2066 1405 2142; x_wconf 88' lang='lat' dir='ltr'><strong>socium,</strong></span> <span class='ocrx_word' id='word_1_167' title='bbox 1435 2066 1575 2150; x_wconf 89' lang='lat' dir='ltr'><strong>quiquo</strong></span> 
     </span>
     <span class='ocr_line' id='line_1_21' title="bbox 233 2181 1571 2269; baseline 0.001 -24"><span class='ocrx_word' id='word_1_168' title='bbox 233 2181 342 2246; x_wconf 87' lang='lat' dir='ltr'><strong>ordine</strong></span> <span class='ocrx_word' id='word_1_169' title='bbox 364 2183 505 2264; x_wconf 84' lang='lat' dir='ltr'><strong>singulae</strong></span> <span class='ocrx_word' id='word_1_170' title='bbox 527 2184 682 2269; x_wconf 85' lang='lat' dir='ltr'><strong>epistulae</strong></span> <span class='ocrx_word' id='word_1_171' title='bbox 703 2186 731 2248; x_wconf 91' lang='lat' dir='ltr'><strong>ei</strong></span> <span class='ocrx_word' id='word_1_172' title='bbox 753 2185 891 2248; x_wconf 82' lang='lat' dir='ltr'><strong>traditae</strong></span> <span class='ocrx_word' id='word_1_173' title='bbox 913 2191 987 2248; x_wconf 90' lang='lat' dir='ltr'><strong>sunt</strong></span> <span class='ocrx_word' id='word_1_174' title='bbox 1005 2183 1113 2248; x_wconf 88' lang='lat' dir='ltr'><strong>eodem</strong></span> <span class='ocrx_word' id='word_1_175' title='bbox 1134 2203 1187 2247; x_wconf 87' lang='lat' dir='ltr'><strong>eas</strong></span> <span class='ocrx_word' id='word_1_176' title='bbox 1208 2184 1241 2245; x_wconf 91' lang='lat' dir='ltr'><strong>in</strong></span> <span class='ocrx_word' id='word_1_177' title='bbox 1256 2182 1414 2246; x_wconf 88' lang='lat' dir='ltr'><strong>volumina</strong></span> <span class='ocrx_word' id='word_1_178' title='bbox 1427 2184 1571 2266; x_wconf 84' lang='lat' dir='ltr'><strong>recepit,⁴</strong></span> 
     </span>
     <span class='ocr_line' id='line_1_22' title="bbox 233 2299 1575 2385; baseline 0.002 -24"><span class='ocrx_word' id='word_1_179' title='bbox 233 2321 334 2385; x_wconf 87' lang='lat' dir='ltr'><strong>neque</strong></span> <span class='ocrx_word' id='word_1_180' title='bbox 355 2300 452 2366; x_wconf 87' lang='lat' dir='ltr'><strong>ullam</strong></span> <span class='ocrx_word' id='word_1_181' title='bbox 476 2301 670 2382; x_wconf 89' lang='lat' dir='ltr'><strong>diligentiam</strong></span> <span class='ocrx_word' id='word_1_182' title='bbox 693 2301 840 2366; x_wconf 84' lang='lat' dir='ltr'><strong>adhibuit</strong></span> <span class='ocrx_word' id='word_1_183' title='bbox 861 2301 903 2365; x_wconf 87' lang='lat' dir='ltr'><strong>sd</strong></span> <span class='ocrx_word' id='word_1_184' title='bbox 924 2303 1040 2366; x_wconf 88' lang='lat' dir='ltr'><strong>iustum</strong></span> <span class='ocrx_word' id='word_1_185' title='bbox 1058 2299 1197 2365; x_wconf 87' lang='lat' dir='ltr'><strong>ordinem</strong></span> <span class='ocrx_word' id='word_1_186' title='bbox 1214 2300 1453 2364; x_wconf 89' lang='lat' dir='ltr'><strong>restituendum.</strong></span> <span class='ocrx_word' id='word_1_187' title='bbox 1491 2300 1575 2377; x_wconf 84' lang='lat' dir='ltr'><strong>Quo-</strong></span> 
     </span>
     <span class='ocr_line' id='line_1_23' title="bbox 232 2396 1574 2504; baseline -0.001 -22"><span class='ocrx_word' id='word_1_188' title='bbox 232 2419 314 2482; x_wconf 86' lang='lat' dir='ltr'><strong>niam</strong></span> <span class='ocrx_word' id='word_1_189' title='bbox 346 2440 420 2482; x_wconf 89' lang='lat' dir='ltr'><strong>vero</strong></span> <span class='ocrx_word' id='word_1_190' title='bbox 449 2419 501 2483; x_wconf 83' lang='lat' dir='ltr'><strong>hle</strong></span> <span class='ocrx_word' id='word_1_191' title='bbox 527 2420 601 2483; x_wconf 88' lang='lat' dir='ltr'><strong>inde</strong></span> <span class='ocrx_word' id='word_1_192' title='bbox 627 2419 669 2484; x_wconf 87' lang='lat' dir='ltr'><strong>ab</strong></span> <span class='ocrx_word' id='word_1_193' title='bbox 698 2439 780 2483; x_wconf 89' lang='lat' dir='ltr'><strong>anuo</strong></span> <span class='ocrx_word' id='word_1_194' title='bbox 809 2423 869 2482; x_wconf 86' lang='grc'><strong>687</strong></span> <span class='ocrx_word' id='word_1_195' title='bbox 889 2396 1044 2504; x_wconf 81' lang='lat' dir='ltr'><strong>¹epletulas</strong></span> <span class='ocrx_word' id='word_1_196' title='bbox 1073 2417 1218 2484; x_wconf 87' lang='lat' dir='ltr'><strong>aTullio</strong></span> <span class='ocrx_word' id='word_1_197' title='bbox 1240 2417 1299 2481; x_wconf 91' lang='lat' dir='ltr'><strong>sibi</strong></span> <span class='ocrx_word' id='word_1_198' title='bbox 1329 2418 1421 2482; x_wconf 88' lang='lat' dir='ltr'><strong>datas</strong></span> <span class='ocrx_word' id='word_1_199' title='bbox 1441 2418 1574 2499; x_wconf 87' lang='lat' dir='ltr'><strong>collegit,</strong></span> 
     </span>
     <span class='ocr_line' id='line_1_24' title="bbox 232 2535 1573 2620; baseline 0.001 -22"><span class='ocrx_word' id='word_1_200' title='bbox 232 2543 264 2598; x_wconf 89' lang='lat' dir='ltr'><strong>et</strong></span> <span class='ocrx_word' id='word_1_201' title='bbox 293 2543 367 2600; x_wconf 91' lang='lat' dir='ltr'><strong>utut</strong></span> <span class='ocrx_word' id='word_1_202' title='bbox 395 2558 470 2602; x_wconf 88' lang='lat' dir='ltr'><strong>casu</strong></span> <span class='ocrx_word' id='word_1_203' title='bbox 491 2559 524 2601; x_wconf 89' lang='lat' dir='ltr'><strong>se</strong></span> <span class='ocrx_word' id='word_1_204' title='bbox 546 2535 745 2620; x_wconf 84' lang='lat' dir='ltr'><strong>excipiebant</strong></span> <span class='ocrx_word' id='word_1_205' title='bbox 770 2536 992 2602; x_wconf 86' lang='lat' dir='ltr'><strong>describendas</strong></span> <span class='ocrx_word' id='word_1_206' title='bbox 1012 2537 1146 2613; x_wconf 85' lang='lat' dir='ltr'><strong>curavit,</strong></span> <span class='ocrx_word' id='word_1_207' title='bbox 1176 2535 1249 2600; x_wconf 91' lang='lat' dir='ltr'><strong>Tiro</strong></span> <span class='ocrx_word' id='word_1_208' title='bbox 1271 2536 1400 2600; x_wconf 89' lang='lat' dir='ltr'><strong>eandem</strong></span> <span class='ocrx_word' id='word_1_209' title='bbox 1421 2537 1573 2600; x_wconf 86' lang='lat' dir='ltr'><strong>rationem</strong></span> 
     </span>
    </p>

    <p class='ocr_par' dir='ltr' id='par_1_5' title="bbox 199 2633 1577 3329">
     <span class='ocr_line' id='line_1_25' title="bbox 199 2633 1575 2740; baseline 0.003 -26"><span class='ocrx_word' id='word_1_210' title='bbox 199 2633 203 2639; x_wconf 46' lang='grc'><strong>’</strong></span> <span class='ocrx_word' id='word_1_211' title='bbox 232 2675 293 2716; x_wconf 87' lang='lat' dir='ltr'><strong>nou</strong></span> <span class='ocrx_word' id='word_1_212' title='bbox 323 2661 396 2718; x_wconf 89' lang='lat' dir='ltr'><strong>ante</strong></span> <span class='ocrx_word' id='word_1_213' title='bbox 425 2675 539 2720; x_wconf 90' lang='lat' dir='ltr'><strong>aunum</strong></span> <span class='ocrx_word' id='word_1_214' title='bbox 565 2660 625 2720; x_wconf 82' lang='grc'><strong>110</strong></span> <span class='ocrx_word' id='word_1_215' title='bbox 651 2655 804 2732; x_wconf 83' lang='lat' dir='ltr'><strong>instituit,</strong></span> <span class='ocrx_word' id='word_1_216' title='bbox 830 2654 945 2720; x_wconf 82' lang='lat' dir='ltr'><strong>factum</strong></span> <span class='ocrx_word' id='word_1_217' title='bbox 975 2662 1036 2732; x_wconf 87' lang='lat' dir='ltr'><strong>est,</strong></span> <span class='ocrx_word' id='word_1_218' title='bbox 1063 2660 1101 2717; x_wconf 91' lang='lat' dir='ltr'><strong>ut</strong></span> <span class='ocrx_word' id='word_1_219' title='bbox 1127 2656 1160 2716; x_wconf 92' lang='lat' dir='ltr'><strong>in</strong></span> <span class='ocrx_word' id='word_1_220' title='bbox 1187 2653 1278 2718; x_wconf 88' lang='lat' dir='ltr'><strong>libris</strong></span> <span class='ocrx_word' id='word_1_221' title='bbox 1305 2652 1508 2740; x_wconf 66' lang='grc'>11111111</span> <span class='ocrx_word' id='word_1_222' title='bbox 1534 2654 1575 2718; x_wconf 67' lang='lat' dir='ltr'><strong>ad,</strong></span> 
     </span>
     <span class='ocr_line' id='line_1_26' title="bbox 232 2769 1576 2858; baseline 0.002 -26"><span class='ocrx_word' id='word_1_223' title='bbox 232 2769 274 2832; x_wconf 89' lang='lat' dir='ltr'><strong>M.</strong></span> <span class='ocrx_word' id='word_1_224' title='bbox 296 2772 430 2837; x_wconf 89' lang='lat' dir='ltr'><strong>Brutum</strong></span> <span class='ocrx_word' id='word_1_225' title='bbox 454 2773 477 2851; x_wconf 91' lang='lat' dir='ltr'><strong>l,</strong></span> <span class='ocrx_word' id='word_1_226' title='bbox 498 2772 538 2836; x_wconf 91' lang='lat' dir='ltr'><strong>II.</strong></span> <span class='ocrx_word' id='word_1_227' title='bbox 569 2772 723 2858; x_wconf 78' lang='lat' dir='ltr'><strong>epistulae</strong></span> <span class='ocrx_word' id='word_1_228' title='bbox 752 2773 883 2836; x_wconf 88' lang='lat' dir='ltr'><strong>eundem</strong></span> <span class='ocrx_word' id='word_1_229' title='bbox 907 2771 1046 2837; x_wconf 89' lang='lat' dir='ltr'><strong>ordinem</strong></span> <span class='ocrx_word' id='word_1_230' title='bbox 1070 2779 1252 2856; x_wconf 87' lang='lat' dir='ltr'><strong>sequantur,</strong></span> <span class='ocrx_word' id='word_1_231' title='bbox 1283 2793 1374 2856; x_wconf 89' lang='lat' dir='ltr'><strong>quem</strong></span> <span class='ocrx_word' id='word_1_232' title='bbox 1398 2791 1504 2836; x_wconf 88' lang='lat' dir='ltr'><strong>omues</strong></span> <span class='ocrx_word' id='word_1_233' title='bbox 1526 2772 1576 2849; x_wconf 87' lang='lat' dir='ltr'><strong>,ad</strong></span> 
     </span>
     <span class='ocr_line' id='line_1_27' title="bbox 233 2888 1575 2976; baseline 0.001 -24"><span class='ocrx_word' id='word_1_234' title='bbox 233 2890 389 2968; x_wconf 84' lang='lat' dir='ltr'><strong>Atticum‘,</strong></span> <span class='ocrx_word' id='word_1_235' title='bbox 419 2890 572 2976; x_wconf 76' lang='lat' dir='ltr'><strong>epistulae</strong></span> <span class='ocrx_word' id='word_1_236' title='bbox 598 2891 737 2976; x_wconf 86' lang='lat' dir='ltr'><strong>priorum</strong></span> <span class='ocrx_word' id='word_1_237' title='bbox 762 2911 914 2956; x_wconf 87' lang='lat' dir='ltr'><strong>annorum</strong></span> <span class='ocrx_word' id='word_1_238' title='bbox 938 2911 1001 2954; x_wconf 85' lang='lat' dir='ltr'><strong>nou</strong></span> <span class='ocrx_word' id='word_1_239' title='bbox 1021 2891 1107 2955; x_wconf 90' lang='lat' dir='ltr'><strong>item.</strong></span> <span class='ocrx_word' id='word_1_240' title='bbox 1152 2889 1238 2966; x_wconf 79' lang='lat' dir='ltr'><strong>Quas</strong></span> <span class='ocrx_word' id='word_1_241' title='bbox 1258 2889 1383 2975; x_wconf 89' lang='lat' dir='ltr'><strong>quidem</strong></span> <span class='ocrx_word' id='word_1_242' title='bbox 1407 2888 1494 2966; x_wconf 89' lang='lat' dir='ltr'><strong>Tiro,</strong></span> <span class='ocrx_word' id='word_1_243' title='bbox 1524 2897 1575 2953; x_wconf 75' lang='lat' dir='ltr'><strong>ut</strong></span> 
     </span>
     <span class='ocr_line' id='line_1_28' title="bbox 233 3007 1577 3093; baseline -0.001 -21"><span class='ocrx_word' id='word_1_244' title='bbox 233 3029 356 3093; x_wconf 85' lang='lat' dir='ltr'><strong>cunque</strong></span> <span class='ocrx_word' id='word_1_245' title='bbox 384 3009 445 3073; x_wconf 91' lang='lat' dir='ltr'><strong>sibi</strong></span> <span class='ocrx_word' id='word_1_246' title='bbox 472 3009 610 3074; x_wconf 87' lang='lat' dir='ltr'><strong>traditae</strong></span> <span class='ocrx_word' id='word_1_247' title='bbox 637 3016 743 3086; x_wconf 88' lang='lat' dir='ltr'><strong>eraut,</strong></span> <span class='ocrx_word' id='word_1_248' title='bbox 779 3010 843 3072; x_wconf 83' lang='lat' dir='ltr'><strong>sive</strong></span> <span class='ocrx_word' id='word_1_249' title='bbox 871 3009 904 3071; x_wconf 93' lang='lat' dir='ltr'><strong>in</strong></span> <span class='ocrx_word' id='word_1_250' title='bbox 929 3008 1070 3074; x_wconf 89' lang='lat' dir='ltr'><strong>ordinem</strong></span> <span class='ocrx_word' id='word_1_251' title='bbox 1101 3009 1248 3072; x_wconf 83' lang='lat' dir='ltr'><strong>redactae</strong></span> <span class='ocrx_word' id='word_1_252' title='bbox 1277 3013 1326 3086; x_wconf 88' lang='lat' dir='ltr'><strong>(ut</strong></span> <span class='ocrx_word' id='word_1_253' title='bbox 1354 3007 1508 3091; x_wconf 82' lang='lat' dir='ltr'><strong>epistulae</strong></span> <span class='ocrx_word' id='word_1_254' title='bbox 1535 3007 1577 3070; x_wconf 84' lang='lat' dir='ltr'><strong>ad</strong></span> 
     </span>
     <span class='ocr_line' id='line_1_29' title="bbox 234 3124 1577 3211; baseline 0 -23"><span class='ocrx_word' id='word_1_255' title='bbox 234 3125 384 3202; x_wconf 84' lang='lat' dir='ltr'><strong>Quintum</strong></span> <span class='ocrx_word' id='word_1_256' title='bbox 408 3125 545 3207; x_wconf 84' lang='lat' dir='ltr'><strong>fratrem,</strong></span> <span class='ocrx_word' id='word_1_257' title='bbox 568 3127 610 3190; x_wconf 87' lang='lat' dir='ltr'><strong>ad</strong></span> <span class='ocrx_word' id='word_1_258' title='bbox 630 3127 703 3192; x_wconf 85' lang='lat' dir='ltr'><strong>fam</strong></span> <span class='ocrx_word' id='word_1_259' title='bbox 724 3126 749 3191; x_wconf 93' lang='lat' dir='ltr'><strong>l.</strong></span> <span class='ocrx_word' id='word_1_260' title='bbox 776 3133 828 3189; x_wconf 86' lang='lat'><strong>1-</strong></span> <span class='ocrx_word' id='word_1_261' title='bbox 843 3132 870 3204; x_wconf 86' lang='grc'><strong>9,</strong></span> <span class='ocrx_word' id='word_1_262' title='bbox 898 3125 938 3190; x_wconf 85' lang='lat' dir='ltr'><strong>II.</strong></span> <span class='ocrx_word' id='word_1_263' title='bbox 966 3131 1071 3202; x_wconf 78' lang='lat'>1-83</span> <span class='ocrx_word' id='word_1_264' title='bbox 1094 3131 1111 3189; x_wconf 90' lang='grc'><strong>9</strong></span> <span class='ocrx_word' id='word_1_265' title='bbox 1131 3165 1157 3171; x_wconf 92' lang='grc'><strong>--</strong></span> <span class='ocrx_word' id='word_1_266' title='bbox 1172 3131 1217 3203; x_wconf 88' lang='grc'><strong>16,</strong></span> <span class='ocrx_word' id='word_1_267' title='bbox 1240 3124 1324 3189; x_wconf 91' lang='lat' dir='ltr'><strong>VIII.</strong></span> <span class='ocrx_word' id='word_1_268' title='bbox 1352 3128 1488 3211; x_wconf 69' lang='lat'>1-175)</span> <span class='ocrx_word' id='word_1_269' title='bbox 1512 3126 1577 3190; x_wconf 83' lang='lat' dir='ltr'><strong>sire</strong></span> 
     </span>
     <span class='ocr_line' id='line_1_30' title="bbox 233 3243 1347 3329; baseline 0 -21"><span class='ocrx_word' id='word_1_270' title='bbox 233 3265 363 3328; x_wconf 90' lang='lat' dir='ltr'><strong>prorsus</strong></span> <span class='ocrx_word' id='word_1_271' title='bbox 384 3244 526 3326; x_wconf 85' lang='lat' dir='ltr'><strong>neglecta</strong></span> <span class='ocrx_word' id='word_1_272' title='bbox 545 3252 721 3329; x_wconf 86' lang='lat' dir='ltr'><strong>temporum</strong></span> <span class='ocrx_word' id='word_1_273' title='bbox 744 3246 876 3320; x_wconf 87' lang='lat' dir='ltr'><strong>ratione,</strong></span> <span class='ocrx_word' id='word_1_274' title='bbox 894 3245 941 3308; x_wconf 86' lang='lat' dir='ltr'><strong>ita</strong></span> <span class='ocrx_word' id='word_1_275' title='bbox 961 3245 1080 3327; x_wconf 89' lang='lat' dir='ltr'><strong>recepit</strong></span> <span class='ocrx_word' id='word_1_276' title='bbox 1101 3245 1135 3306; x_wconf 92' lang='lat' dir='ltr'><strong>iu</strong></span> <span class='ocrx_word' id='word_1_277' title='bbox 1156 3243 1347 3308; x_wconf 77' lang='lat' dir='ltr'><strong>volumina·</strong></span> 
     </span>
    </p>

    <p class='ocr_par' dir='ltr' id='par_1_6' title="bbox 234 3358 1577 3567">
     <span class='ocr_line' id='line_1_31' title="bbox 338 3358 1576 3447; baseline -0.002 -22"><span class='ocrx_word' id='word_1_278' title='bbox 338 3362 457 3440; x_wconf 82' lang='lat' dir='ltr'><strong>Restat,</strong></span> <span class='ocrx_word' id='word_1_279' title='bbox 484 3370 521 3426; x_wconf 89' lang='lat' dir='ltr'><strong>ut</strong></span> <span class='ocrx_word' id='word_1_280' title='bbox 542 3383 738 3446; x_wconf 85' lang='lat' dir='ltr'><strong>quaeramus,</strong></span> <span class='ocrx_word' id='word_1_281' title='bbox 769 3383 850 3447; x_wconf 87' lang='lat' dir='ltr'><strong>quae</strong></span> <span class='ocrx_word' id='word_1_282' title='bbox 879 3383 974 3426; x_wconf 86' lang='lat' dir='ltr'><strong>causa</strong></span> <span class='ocrx_word' id='word_1_283' title='bbox 1001 3360 1104 3438; x_wconf 73' lang='lat' dir='ltr'><strong>fuerit,</strong></span> <span class='ocrx_word' id='word_1_284' title='bbox 1140 3382 1196 3424; x_wconf 89' lang='lat' dir='ltr'><strong>cur</strong></span> <span class='ocrx_word' id='word_1_285' title='bbox 1224 3382 1330 3425; x_wconf 86' lang='lat' dir='ltr'><strong>aarum</strong></span> <span class='ocrx_word' id='word_1_286' title='bbox 1360 3358 1576 3445; x_wconf 80' lang='lat' dir='ltr'><strong>epistularum,</strong></span> 
     </span>
     <span class='ocr_line' id='line_1_32' title="bbox 234 3477 1577 3567; baseline -0.006 -21"><span class='ocrx_word' id='word_1_287' title='bbox 234 3503 314 3567; x_wconf 84' lang='lat' dir='ltr'><strong>quas</strong></span> <span class='ocrx_word' id='word_1_288' title='bbox 335 3481 442 3546; x_wconf 81' lang='lat' dir='ltr'><strong>Cicero</strong></span> <span class='ocrx_word' id='word_1_289' title='bbox 471 3482 618 3544; x_wconf 88' lang='lat' dir='ltr'><strong>extremis</strong></span> <span class='ocrx_word' id='word_1_290' title='bbox 646 3483 761 3545; x_wconf 86' lang='lat' dir='ltr'><strong>aetatis</strong></span> <span class='ocrx_word' id='word_1_291' title='bbox 789 3501 863 3544; x_wconf 88' lang='lat' dir='ltr'><strong>suae</strong></span> <span class='ocrx_word' id='word_1_292' title='bbox 893 3479 1051 3544; x_wconf 90' lang='lat' dir='ltr'><strong>mensibus</strong></span> <span class='ocrx_word' id='word_1_293' title='bbox 1081 3487 1114 3544; x_wconf 91' lang='lat' dir='ltr'><strong>et</strong></span> <span class='ocrx_word' id='word_1_294' title='bbox 1140 3479 1229 3543; x_wconf 89' lang='lat' dir='ltr'><strong>dedit</strong></span> <span class='ocrx_word' id='word_1_295' title='bbox 1255 3485 1288 3543; x_wconf 91' lang='lat' dir='ltr'><strong>et</strong></span> <span class='ocrx_word' id='word_1_296' title='bbox 1321 3479 1431 3542; x_wconf 78' lang='lat' dir='ltr'><strong>mussas</strong></span> <span class='ocrx_word' id='word_1_297' title='bbox 1457 3477 1577 3560; x_wconf 87' lang='lat' dir='ltr'><strong>aceepit</strong></span> 
     </span>
    </p>
   </div>
   <div class='ocr_carea' id='block_1_4' title="bbox 291 3679 1195 3750">
    <p class='ocr_par' dir='ltr' id='par_1_7' title="bbox 291 3679 1195 3750">
     <span class='ocr_line' id='line_1_33' title="bbox 291 3679 1195 3750; baseline -0.009 -13"><span class='ocrx_word' id='word_1_298' title='bbox 291 3686 313 3750; x_wconf 89' lang='lat'><strong>¹)</strong></span> <span class='ocrx_word' id='word_1_299' title='bbox 337 3683 394 3736; x_wconf 89' lang='lat' dir='ltr'><strong>Hoc</strong></span> <span class='ocrx_word' id='word_1_300' title='bbox 413 3681 518 3734; x_wconf 90' lang='lat' dir='ltr'><strong>dictum</strong></span> <span class='ocrx_word' id='word_1_301' title='bbox 534 3684 603 3750; x_wconf 87' lang='lat' dir='ltr'><strong>puta</strong></span> <span class='ocrx_word' id='word_1_302' title='bbox 620 3681 653 3734; x_wconf 90' lang='lat' dir='ltr'><strong>de</strong></span> <span class='ocrx_word' id='word_1_303' title='bbox 671 3679 797 3748; x_wconf 88' lang='lat' dir='ltr'><strong>epistulis</strong></span> <span class='ocrx_word' id='word_1_304' title='bbox 816 3681 891 3734; x_wconf 83' lang='lat'>1-8.</span> <span class='ocrx_word' id='word_1_305' title='bbox 913 3682 952 3735; x_wconf 90' lang='grc'><strong>10.</strong></span> <span class='ocrx_word' id='word_1_306' title='bbox 975 3682 1012 3734; x_wconf 83' lang='grc'><strong>11.</strong></span> <span class='ocrx_word' id='word_1_307' title='bbox 1031 3681 1072 3733; x_wconf 75' lang='lat'><strong>20.</strong></span> <span class='ocrx_word' id='word_1_308' title='bbox 1091 3682 1133 3733; x_wconf 79' lang='lat' dir='ltr'><strong>al.</strong></span> <span class='ocrx_word' id='word_1_309' title='bbox 1154 3681 1195 3736; x_wconf 80' lang='lat'><strong>22.</strong></span> 
     </span>
    </p>
   </div>
   <div class='ocr_carea' id='block_1_5' title="bbox 235 3779 1579 4284">
    <p class='ocr_par' dir='ltr' id='par_1_8' title="bbox 235 3779 1579 4284">
     <span class='ocr_line' id='line_1_34' title="bbox 288 3779 1577 3852; baseline -0.008 -12"><span class='ocrx_word' id='word_1_310' title='bbox 288 3788 312 3852; x_wconf 69' lang='grc'><strong>1)</strong></span> <span class='ocrx_word' id='word_1_311' title='bbox 336 3786 386 3840; x_wconf 88' lang='lat' dir='ltr'><strong>hoc</strong></span> <span class='ocrx_word' id='word_1_312' title='bbox 412 3786 445 3838; x_wconf 86' lang='lat' dir='ltr'><strong>de</strong></span> <span class='ocrx_word' id='word_1_313' title='bbox 468 3783 595 3852; x_wconf 87' lang='lat' dir='ltr'><strong>epistulis</strong></span> <span class='ocrx_word' id='word_1_314' title='bbox 623 3788 661 3838; x_wconf 91' lang='grc'><strong>11.</strong></span> <span class='ocrx_word' id='word_1_315' title='bbox 683 3785 781 3838; x_wconf 69' lang='grc'>1111.</span> <span class='ocrx_word' id='word_1_316' title='bbox 816 3783 877 3835; x_wconf 84' lang='lat' dir='ltr'><strong>Non</strong></span> <span class='ocrx_word' id='word_1_317' title='bbox 902 3782 944 3836; x_wconf 86' lang='lat' dir='ltr'><strong>ita</strong></span> <span class='ocrx_word' id='word_1_318' title='bbox 963 3781 1104 3835; x_wconf 90' lang='lat' dir='ltr'><strong>dissimilis</strong></span> <span class='ocrx_word' id='word_1_319' title='bbox 1123 3781 1229 3849; x_wconf 85' lang='lat' dir='ltr'><strong>generis</strong></span> <span class='ocrx_word' id='word_1_320' title='bbox 1248 3785 1314 3834; x_wconf 89' lang='lat' dir='ltr'><strong>suut</strong></span> <span class='ocrx_word' id='word_1_321' title='bbox 1330 3779 1465 3847; x_wconf 81' lang='lat' dir='ltr'><strong>epistulae</strong></span> <span class='ocrx_word' id='word_1_322' title='bbox 1486 3779 1525 3843; x_wconf 80' lang='grc'><strong>17,</strong></span> <span class='ocrx_word' id='word_1_323' title='bbox 1547 3781 1577 3831; x_wconf 70' lang='grc'><strong>111</strong></span> 
     </span>
     <span class='ocr_line' id='line_1_35' title="bbox 236 3862 1578 3940; baseline -0.007 -16"><span class='ocrx_word' id='word_1_324' title='bbox 236 3871 278 3940; x_wconf 85' lang='lat' dir='ltr'><strong>(cf.</strong></span> <span class='ocrx_word' id='word_1_325' title='bbox 296 3877 311 3938; x_wconf 65' lang='grc' dir='ltr'><strong>ξ</strong></span> <span class='ocrx_word' id='word_1_326' title='bbox 331 3872 364 3939; x_wconf 92' lang='grc'><strong>1).</strong></span> <span class='ocrx_word' id='word_1_327' title='bbox 402 3872 565 3926; x_wconf 79' lang='lat' dir='ltr'><strong>curantem</strong></span> <span class='ocrx_word' id='word_1_328' title='bbox 583 3869 703 3938; x_wconf 83' lang='lat' dir='ltr'><strong>epistula</strong></span> <span class='ocrx_word' id='word_1_329' title='bbox 721 3872 737 3924; x_wconf 89' lang='grc'><strong>9</strong></span> <span class='ocrx_word' id='word_1_330' title='bbox 756 3868 785 3921; x_wconf 91' lang='lat' dir='ltr'><strong>in</strong></span> <span class='ocrx_word' id='word_1_331' title='bbox 803 3869 873 3936; x_wconf 88' lang='lat' dir='ltr'><strong>quod</strong></span> <span class='ocrx_word' id='word_1_332' title='bbox 890 3871 1019 3921; x_wconf 90' lang='lat' dir='ltr'><strong>neutrum</strong></span> <span class='ocrx_word' id='word_1_333' title='bbox 1038 3868 1135 3934; x_wconf 85' lang='lat' dir='ltr'><strong>cedat,</strong></span> <span class='ocrx_word' id='word_1_334' title='bbox 1159 3871 1270 3934; x_wconf 86' lang='lat' dir='ltr'><strong>recepta</strong></span> <span class='ocrx_word' id='word_1_335' title='bbox 1288 3865 1325 3920; x_wconf 88' lang='lat' dir='ltr'><strong>sit</strong></span> <span class='ocrx_word' id='word_1_336' title='bbox 1343 3865 1472 3918; x_wconf 84' lang='lat' dir='ltr'><strong>extremis</strong></span> <span class='ocrx_word' id='word_1_337' title='bbox 1489 3862 1578 3916; x_wconf 84' lang='lat' dir='ltr'><strong>verbis</strong></span> 
     </span>
     <span class='ocr_line' id='line_1_36' title="bbox 235 3947 1578 4025; baseline -0.008 -15"><span class='ocrx_word' id='word_1_338' title='bbox 235 3957 333 4024; x_wconf 89' lang='lat' dir='ltr'><strong>prioris</strong></span> <span class='ocrx_word' id='word_1_339' title='bbox 358 3956 493 4025; x_wconf 87' lang='lat' dir='ltr'><strong>epistulae</strong></span> <span class='ocrx_word' id='word_1_340' title='bbox 506 3953 679 4023; x_wconf 84' lang='lat' dir='ltr'><strong>explicatur:</strong></span> <span class='ocrx_word' id='word_1_341' title='bbox 709 3956 784 4022; x_wconf 88' lang='lat' dir='ltr'><strong>„Ego</strong></span> <span class='ocrx_word' id='word_1_342' title='bbox 801 3953 856 4008; x_wconf 91' lang='lat' dir='ltr'><strong>etsi</strong></span> <span class='ocrx_word' id='word_1_343' title='bbox 873 3969 965 4007; x_wconf 86' lang='lat' dir='ltr'><strong>coram</strong></span> <span class='ocrx_word' id='word_1_344' title='bbox 983 3954 1017 4006; x_wconf 88' lang='lat' dir='ltr'><strong>de</strong></span> <span class='ocrx_word' id='word_1_345' title='bbox 1036 3957 1064 4007; x_wconf 91' lang='lat' dir='ltr'><strong>te</strong></span> <span class='ocrx_word' id='word_1_346' title='bbox 1082 3969 1145 4006; x_wconf 88' lang='lat' dir='ltr'><strong>cum</strong></span> <span class='ocrx_word' id='word_1_347' title='bbox 1161 3952 1265 4006; x_wconf 89' lang='lat' dir='ltr'><strong>Furnio</strong></span> <span class='ocrx_word' id='word_1_348' title='bbox 1286 3951 1327 4005; x_wconf 88' lang='lat' dir='ltr'><strong>ita</strong></span> <span class='ocrx_word' id='word_1_349' title='bbox 1345 3951 1448 4018; x_wconf 85' lang='lat' dir='ltr'><strong>loquar,</strong></span> <span class='ocrx_word' id='word_1_350' title='bbox 1473 3954 1504 4002; x_wconf 92' lang='lat' dir='ltr'><strong>ut</strong></span> <span class='ocrx_word' id='word_1_351' title='bbox 1524 3947 1578 4001; x_wconf 90' lang='lat' dir='ltr'><strong>tibi</strong></span> 
     </span>
     <span class='ocr_line' id='line_1_37' title="bbox 235 4029 1578 4108; baseline -0.007 -12"><span class='ocrx_word' id='word_1_352' title='bbox 235 4042 338 4097; x_wconf 91' lang='lat' dir='ltr'><strong>litteris</strong></span> <span class='ocrx_word' id='word_1_353' title='bbox 359 4042 427 4095; x_wconf 90' lang='lat' dir='ltr'><strong>meis</strong></span> <span class='ocrx_word' id='word_1_354' title='bbox 451 4043 486 4096; x_wconf 83' lang='lat' dir='ltr'><strong>ad</strong></span> <span class='ocrx_word' id='word_1_355' title='bbox 513 4057 576 4095; x_wconf 90' lang='lat' dir='ltr'><strong>eum</strong></span> <span class='ocrx_word' id='word_1_356' title='bbox 599 4056 653 4092; x_wconf 90' lang='lat' dir='ltr'><strong>non</strong></span> <span class='ocrx_word' id='word_1_357' title='bbox 675 4057 741 4108; x_wconf 91' lang='lat' dir='ltr'><strong>opus</strong></span> <span class='ocrx_word' id='word_1_358' title='bbox 766 4039 817 4107; x_wconf 90' lang='lat' dir='ltr'><strong>sit,</strong></span> <span class='ocrx_word' id='word_1_359' title='bbox 844 4044 950 4105; x_wconf 86' lang='lat' dir='ltr'><strong>tamen,</strong></span> <span class='ocrx_word' id='word_1_360' title='bbox 977 4038 1105 4107; x_wconf 85' lang='lat' dir='ltr'><strong>quoniam</strong></span> <span class='ocrx_word' id='word_1_361' title='bbox 1130 4037 1186 4091; x_wconf 90' lang='lat' dir='ltr'><strong>tuis</strong></span> <span class='ocrx_word' id='word_1_362' title='bbox 1210 4029 1315 4106; x_wconf 83' lang='lat' dir='ltr'><strong>placuit</strong></span> <span class='ocrx_word' id='word_1_363' title='bbox 1340 4042 1367 4090; x_wconf 89' lang='lat' dir='ltr'><strong>te</strong></span> <span class='ocrx_word' id='word_1_364' title='bbox 1386 4036 1486 4088; x_wconf 87' lang='lat' dir='ltr'><strong>habere</strong></span> <span class='ocrx_word' id='word_1_365' title='bbox 1501 4049 1578 4087; x_wconf 86' lang='lat' dir='ltr'><strong>meas</strong></span> 
     </span>
     <span class='ocr_line' id='line_1_38' title="bbox 236 4117 1579 4196; baseline -0.007 -14"><span class='ocrx_word' id='word_1_366' title='bbox 236 4128 381 4196; x_wconf 88' lang='lat' dir='ltr'><strong>epistulas,</strong></span> <span class='ocrx_word' id='word_1_367' title='bbox 405 4143 473 4196; x_wconf 84' lang='lat' dir='ltr'><strong>quas</strong></span> <span class='ocrx_word' id='word_1_368' title='bbox 497 4127 523 4180; x_wconf 91' lang='lat' dir='ltr'><strong>ei</strong></span> <span class='ocrx_word' id='word_1_369' title='bbox 547 4127 688 4193; x_wconf 87' lang='lat' dir='ltr'><strong>redderes,</strong></span> <span class='ocrx_word' id='word_1_370' title='bbox 712 4142 813 4180; x_wconf 88' lang='lat' dir='ltr'><strong>morem</strong></span> <span class='ocrx_word' id='word_1_371' title='bbox 837 4125 877 4179; x_wconf 91' lang='lat' dir='ltr'><strong>eis</strong></span> <span class='ocrx_word' id='word_1_372' title='bbox 901 4124 989 4193; x_wconf 87' lang='lat' dir='ltr'><strong>gessi“</strong></span> <span class='ocrx_word' id='word_1_373' title='bbox 1014 4140 1109 4178; x_wconf 84' lang='lat' dir='ltr'><strong>aarum</strong></span> <span class='ocrx_word' id='word_1_374' title='bbox 1126 4123 1307 4192; x_wconf 86' lang='lat' dir='ltr'><strong>epistularum</strong></span> <span class='ocrx_word' id='word_1_375' title='bbox 1330 4119 1483 4189; x_wconf 87' lang='lat' dir='ltr'><strong>exemplum</strong></span> <span class='ocrx_word' id='word_1_376' title='bbox 1505 4117 1579 4172; x_wconf 79' lang='lat' dir='ltr'><strong>infra</strong></span> 
     </span>
     <span class='ocr_line' id='line_1_39' title="bbox 237 4215 435 4284; baseline -0.005 -17"><span class='ocrx_word' id='word_1_377' title='bbox 237 4215 435 4284; x_wconf 88' lang='lat' dir='ltr'><strong>scriptumest.</strong></span> 
     </span>
    </p>
   </div>
   <div class='ocr_carea' id='block_1_6' title="bbox 238 4307 1702 4472">
    <p class='ocr_par' dir='ltr' id='par_1_9' title="bbox 238 4307 1702 4472">
     <span class='ocr_line' id='line_1_40' title="bbox 289 4307 1702 4386; baseline -0.008 -15"><span class='ocrx_word' id='word_1_378' title='bbox 289 4321 313 4385; x_wconf 81' lang='lat'><strong>⁸)</strong></span> <span class='ocrx_word' id='word_1_379' title='bbox 337 4318 407 4372; x_wconf 89' lang='lat' dir='ltr'><strong>Sunt</strong></span> <span class='ocrx_word' id='word_1_380' title='bbox 429 4315 503 4370; x_wconf 89' lang='lat' dir='ltr'><strong>enim</strong></span> <span class='ocrx_word' id='word_1_381' title='bbox 526 4314 626 4384; x_wconf 77' lang='lat' dir='ltr'><strong>viginti</strong></span> <span class='ocrx_word' id='word_1_382' title='bbox 651 4328 706 4366; x_wconf 84' lang='lat' dir='ltr'><strong>una</strong></span> <span class='ocrx_word' id='word_1_383' title='bbox 729 4313 865 4381; x_wconf 80' lang='lat' dir='ltr'><strong>epistulae</strong></span> <span class='ocrx_word' id='word_1_384' title='bbox 891 4313 956 4371; x_wconf 89' lang='lat' dir='ltr'><strong>libri</strong></span> <span class='ocrx_word' id='word_1_385' title='bbox 974 4313 1007 4368; x_wconf 87' lang='lat' dir='ltr'><strong>V.</strong></span> <span class='ocrx_word' id='word_1_386' title='bbox 1033 4311 1189 4382; x_wconf 88' lang='lat' dir='ltr'><strong>duodecim,</strong></span> <span class='ocrx_word' id='word_1_387' title='bbox 1218 4310 1337 4378; x_wconf 85' lang='lat' dir='ltr'><strong>triginta</strong></span> <span class='ocrx_word' id='word_1_388' title='bbox 1361 4312 1418 4364; x_wconf 86' lang='lat' dir='ltr'><strong>tres</strong></span> <span class='ocrx_word' id='word_1_389' title='bbox 1435 4307 1500 4362; x_wconf 88' lang='lat' dir='ltr'><strong>libri</strong></span> <span class='ocrx_word' id='word_1_390' title='bbox 1519 4307 1578 4361; x_wconf 85' lang='lat' dir='ltr'><strong>VII.</strong></span> <span class='ocrx_word' id='word_1_391' title='bbox 1698 4379 1702 4386; x_wconf 27' lang='grc' dir='ltr'>Ι</span> 
     </span>
     <span class='ocr_line' id='line_1_41' title="bbox 238 4400 689 4472; baseline -0.013 -15"><span class='ocrx_word' id='word_1_392' title='bbox 238 4409 340 4472; x_wconf 90' lang='lat' dir='ltr'><strong>septem</strong></span> <span class='ocrx_word' id='word_1_393' title='bbox 358 4400 513 4456; x_wconf 89' lang='lat' dir='ltr'><strong>nominibus</strong></span> <span class='ocrx_word' id='word_1_394' title='bbox 531 4400 689 4468; x_wconf 87' lang='lat' dir='ltr'><strong>inscriptae.</strong></span> 
     </span>
    </p>
   </div>
   <div class='ocr_carea' id='block_1_7' title="bbox 291 4500 1271 4574">
    <p class='ocr_par' dir='ltr' id='par_1_10' title="bbox 291 4500 1271 4574">
     <span class='ocr_line' id='line_1_42' title="bbox 291 4500 1271 4574; baseline -0.007 -15"><span class='ocrx_word' id='word_1_395' title='bbox 291 4508 315 4574; x_wconf 78' lang='lat'><strong>⁴)</strong></span> <span class='ocrx_word' id='word_1_396' title='bbox 338 4504 465 4559; x_wconf 86' lang='lat' dir='ltr'><strong>Tunstsll</strong></span> <span class='ocrx_word' id='word_1_397' title='bbox 482 4502 602 4570; x_wconf 86' lang='lat' dir='ltr'><strong>epistula</strong></span> <span class='ocrx_word' id='word_1_398' title='bbox 618 4503 654 4556; x_wconf 86' lang='lat' dir='ltr'><strong>ad</strong></span> <span class='ocrx_word' id='word_1_399' title='bbox 672 4501 826 4555; x_wconf 90' lang='lat' dir='ltr'><strong>Middletcn</strong></span> <span class='ocrx_word' id='word_1_400' title='bbox 845 4500 986 4568; x_wconf 77' lang='lat' dir='ltr'><strong>(cantabr.</strong></span> <span class='ocrx_word' id='word_1_401' title='bbox 1007 4503 1083 4567; x_wconf 80' lang='lat'>1741)</span> <span class='ocrx_word' id='word_1_402' title='bbox 1101 4515 1162 4567; x_wconf 84' lang='lat' dir='ltr'><strong>pag.</strong></span> <span class='ocrx_word' id='word_1_403' title='bbox 1183 4502 1215 4554; x_wconf 83' lang='grc'><strong>13</strong></span> <span class='ocrx_word' id='word_1_404' title='bbox 1234 4515 1271 4568; x_wconf 90' lang='lat' dir='ltr'><strong>sq.</strong></span> 
     </span>
    </p>
   </div>
   <div class='ocr_carea' id='block_1_8' title="bbox 238 4594 1579 4764">
    <p class='ocr_par' dir='ltr' id='par_1_11' title="bbox 238 4594 1579 4764">
     <span class='ocr_line' id='line_1_43' title="bbox 292 4594 1579 4676; baseline -0.009 -14"><span class='ocrx_word' id='word_1_405' title='bbox 292 4609 316 4676; x_wconf 77' lang='lat'><strong>⁵)</strong></span> <span class='ocrx_word' id='word_1_406' title='bbox 335 4608 446 4662; x_wconf 82' lang='lat' dir='ltr'><strong>Nakeus</strong></span> <span class='ocrx_word' id='word_1_407' title='bbox 459 4605 547 4660; x_wconf 80' lang='lat' dir='ltr'><strong>Caelii</strong></span> <span class='ocrx_word' id='word_1_408' title='bbox 564 4606 745 4672; x_wconf 85' lang='lat' dir='ltr'><strong>epistularum</strong></span> <span class='ocrx_word' id='word_1_409' title='bbox 762 4619 824 4656; x_wconf 89' lang='lat' dir='ltr'><strong>eum</strong></span> <span class='ocrx_word' id='word_1_410' title='bbox 842 4603 965 4657; x_wconf 90' lang='lat' dir='ltr'><strong>ordinem</strong></span> <span class='ocrx_word' id='word_1_411' title='bbox 982 4619 1041 4657; x_wconf 85' lang='lat' dir='ltr'><strong>esse</strong></span> <span class='ocrx_word' id='word_1_412' title='bbox 1059 4601 1267 4667; x_wconf 86' lang='lat' dir='ltr'><strong>demonstravit,</strong></span> <span class='ocrx_word' id='word_1_413' title='bbox 1285 4599 1333 4672; x_wconf 89' lang='lat' dir='ltr'><strong>qui</strong></span> <span class='ocrx_word' id='word_1_414' title='bbox 1349 4595 1444 4670; x_wconf 86' lang='lat' dir='ltr'><strong>paucis</strong></span> <span class='ocrx_word' id='word_1_415' title='bbox 1457 4594 1579 4664; x_wconf 82' lang='lat' dir='ltr'><strong>exeeptis</strong></span> 
     </span>
     <span class='ocr_line' id='line_1_44' title="bbox 238 4687 1190 4764; baseline -0.003 -18"><span class='ocrx_word' id='word_1_416' title='bbox 238 4693 282 4746; x_wconf 83' lang='lat' dir='ltr'><strong>vix</strong></span> <span class='ocrx_word' id='word_1_417' title='bbox 298 4693 469 4764; x_wconf 85' lang='lat' dir='ltr'><strong>vituperetur</strong></span> <span class='ocrx_word' id='word_1_418' title='bbox 486 4691 662 4762; x_wconf 80' lang='lat' dir='ltr'><strong>(Iahrbucher</strong></span> <span class='ocrx_word' id='word_1_419' title='bbox 681 4689 699 4745; x_wconf 86' lang='grc'><strong>1.</strong></span> <span class='ocrx_word' id='word_1_420' title='bbox 717 4690 749 4746; x_wconf 88' lang='grc'><strong>11.</strong></span> <span class='ocrx_word' id='word_1_421' title='bbox 767 4688 837 4745; x_wconf 88' lang='lat' dir='ltr'><strong>Phil.</strong></span> <span class='ocrx_word' id='word_1_422' title='bbox 855 4690 905 4745; x_wconf 86' lang='lat' dir='ltr'><strong>Bd.</strong></span> <span class='ocrx_word' id='word_1_423' title='bbox 926 4692 967 4746; x_wconf 88' lang='lat'><strong>89.</strong></span> <span class='ocrx_word' id='word_1_424' title='bbox 985 4703 1046 4760; x_wconf 83' lang='lat' dir='ltr'><strong>pag.</strong></span> <span class='ocrx_word' id='word_1_425' title='bbox 1066 4687 1190 4754; x_wconf 86' lang='grc'>60-68).</span> 
     </span>
    </p>
   </div>
   <div class='ocr_carea' id='block_1_9' title="bbox 0 0 1807 5266">
    <p class='ocr_par' dir='ltr' id='par_1_12' title="bbox 0 0 1807 5266">
     <span class='ocr_line' id='line_1_45' title="bbox 0 0 1807 5266; baseline 0 0"><span class='ocrx_word' id='word_1_426' title='bbox 0 0 1807 5266; x_wconf 95' lang='lat' dir='ltr'><strong> </strong></span> 
     </span>
    </p>
   </div>
  </div>
 </body>
</html>
